2944 4754
1191 294 1632 366 mm..-

239 489 523 581 dventu,
594 485 857 558 deiude
884 486 1369 580 Athenienses,
1412 493 1656 584 quippe
1682 490 1934 563 'Jonica
1971 494 2175 583 natio,
2218 484 2574 586 principi&

242 603 573 687 dicuntur,
616 604 1027 691 pertinuisse
1073 605 1155 672 ad
1199 606 1553 700 Pelasgos,
1595 606 1835 674 Dorica
1877 625 2034 673 vero
2067 611 2242 676 omni
2270 614 2565 698 tempore

240 719 418 785 inter
458 716 779 783 Hellenos
822 724 1167 785 numerata
1210 738 1386 787 esse.
1470 713 1741 788 Videtur
1769 722 1970 811 igitur
1989 712 2364 807 Herodoto‚'
2395 743 2568 811 quo-

244 832 438 898 modo
520 828 812 915 „nores”
891 849 1153 900 nomen·
1210 835 1465 925 gentile
1531 827 2198 901 Lacedaemoniorum
2224 885 2244 925 ,
2334 837 2566 905 eodem

242 944 439 1011 nodo
481 962 725 1010 nomen
768 945 1011 1015 Jo'num
1053 948 1266 1034 ipsius
1318 948 1461 1013 cius
1508 950 1769 1038 gentiS,
1813 951 2003 1034 cujus
2051 969 2209 1035 pars
2258 957 2399 1018 erat
2439 970 2569 1039 po-

242 1059 445 1148 pulus
490 1044 943 1146 Atheniensis,
991 1063 1323 1148 proprium
1363 1063 1756 1129 vocabulum
1801 1063 2047 1150 fuisse3
2093 1062 2289 1151 quod,
2335 1085 2571 1152 quam-

247 1192 446 1260 quam
492 1173 791 1262 generali
835 1152 1262 1259 complurium
1310 1179 1612 1268 gentium
1653 1179 1902 1245 nomini
1927 1172 2318 1269 ‘Pelasgico,
2364 1196 2572 1267 aeque

247 1306 335 1354 ac
369 1287 680 1353 Doricum
726 1287 1026 1377 generali
1073 1289 1418 1358 Hellenum
1461 1291 1757 1379 nomini,
1818 1290 2140 1378 principio
2201 1291 2572 1377 subjectum

247 1402 464 1490 merit,
507 1407 749 1485 tamen,
795 1405 1144 1488 postquam
1189 1425 1266 1472 ea
1311 1426 1510 1497 gens,
1557 1407 1746 1490 cujus
1793 1409 1933 1470 erat
1973 1406 2327 1493 proprium,
2372 1404 2577 1470 Pela-

250 1516 444 1606 sgica
505 1514 624 1582 illa
646 1512 1101 1583 universitate
1134 1519 1408 1608 «relicta,
1466 1517 1553 1585 ud
1595 1518 1909 1586 Hellenos
1953 1512 2280 1607 pertinere
2326 1537 2574 1605 coepe-

248 1633 358 1720 rit,
401 1629 610 1697 nihilo
653 1631 873 1696 minus
914 1632 1395 1717 perduraverit.

216 1823 222 1832 ,
426 1744 513 1815 Et
565 1748 864 1836 profecto
931 1748 1216 1837 quidem,
1292 1768 1461 1837 quae
1522 1751 1856 1818 amborum
1919 1745 2181 1814 illorum
2225 1747 2576 1835 nominum,

250 1861 589 1954 Pelasgiei
634 1868 702 1929 ct
743 1863 984 1950 lornei,
1029 1865 1205 1932 inter
1253 1884 1331 1930 se
1376 1867 1755 1951 conjunctio
1798 1864 2024 1950 fuerit,
2083 1858 2406 1947 siquidem
2449 1860 2581 1925 At-

251 1979 366 2045 ffici
438 1987 509 2047 ct
550 1979 1032 2073 Aegialenses,
1098 1997 1228 2046 nec
1272 1982 1493 2047 minus
1542 1975 1841 2046 Arcades
1889 1978 1956 2042 et
1998 1973 2269 2062 Aeoles‚
2343 1991 2580 2040 revera

253 2092 522 2160 fuorunt
583 2112 875 2182 unquam
918 2095 1212 2186 Pelasgi,
1255 2096 1373 2161 vix
1418 2096 1608 2160 aliter
1647 2094 1872 2181 potest
1914 2086 2217 2177 intelligi.
2305 2087 2467 2153 Nam
2510 2082 2582 2152 id

257 2209 436 2295 quod
470 2200 613 2275 ‘ani
655 2210 897 2276 nomen
939 2209 1371 2300 Pelasgorum
1417 2208 1835 2291 existimant,
1878 2206 2209 2286 tamquam
2254 2206 2321 2267 et
2362 2202 2583 2288 ipsum

259 2323 461 2389 fuerit
508 2322 779 2413 gentile,
826 2326 1100 2392 Jonicae
1146 2325 1371 2416 gentis
1407 2323 1659 2391 nomini
1685 2318 2061 2409 oppositum
2090 2315 2323 2405 fuisse,
2368 2314 2590 2381 Athe-

256 2437 533 2503 nienses
577 2453 735 2502 vero
777 2443 1167 2525 ceterosque
1219 2439 1390 2504 istos
1414 2477 1421 2486 ‚
1445 2439 1767 2527 populos,
1835 2452 2033 2523 quum
2088 2448 2333 2496 nomen
2374 2428 2584 2493 Pela-

259 2551 519 2641 sglcum
564 2550 1005 2640 abjecissent,
1060 2554 1315 2622 relictis
1360 2555 1649 2644 propriis
1698 2569 1860 2618 suae
1905 2550 2132 2641 gentis
2178 2537 2469 2612 morilius
2512 2544 2586 2610 in

261 2669 457 2736 uliam
501 2666 983 2753 quodammodo
1024 2674 1330 2760 gentem,
1386 2669 1724 2735 Jonieam-
1764 2664 2023 2731 scilicet
2070 2665 2183 2727 aut
2225 2657 2584 2733 Aeolicam,

263 2787 344 2853 s'c
387 2783 944 2868 =transformasset
1009 2783 1138 2849 hoc
1188 2784 1331 2868 jam
1389 2780 1475 2845 ob
1532 2799 1676 2845 eam
1721 2796 1990 2846 causam
2032 2772 2421 2842 incredibile
2466 2791 2594 2857 ap-

262 2901 491 2988 paret,
557 2897 862 2983 quoniam
918 2907 1150 2964 omnes
1203 2896 1360 2962 illos
1414 2892 1702 2980 populos
1760 2894 2030 2958 constat
2073 2889 2251 2954 omni
2292 2892 2594 2972 temporo

269 3015 375 3080 sui
432 3012 610 3098 juris
671 3008 907 3078 fuisse.
993 3003 1245 3075 Nomen
1303 3010 1481 3075 enim
1526 3013 1592 3075 et
1638 3026 1858 3075 mores
1904 3008 2129 3098 gentis
2175 3020 2322 3069 cum
2367 2998 2592 3091 gentis

264 3126 573 3193 libertate
617 3122 985 3191 arctissime
1032 3120 1388 3206 conjuncta
1436 3127 1618 3211 sunt,
1663 3121 1790 3189 nec
1833 3121 1967 3188 nisi
2011 3136 2051 3185 u
2100 3115 2347 3207 populo
2397 3117 2595 3178 exte-

265 3255 490 3306 rorum
555 3238 788 3303 ditioni
830 3236 1135 3321 subjecto
1183 3235 1380 3321 abjici
1427 3241 1495 3303 et
1539 3253 1688 3304 cum
1738 3236 1935 3303 novis
1983 3239 2050 3301 et
2098 3230 2395 3299 externis
2440 3246 2593 3291 mu-

272 3353 400 3418 tari
446 3352 687 3418 solent.
774 3353 922 3419 Jam
950 3370 1109 3418 vero
1157 3350 1240 3417 de
1289 3369 1367 3417 eo
1413 3355 1640 3438 potest
1675 3350 1979 3436 dubitari,
2024 3367 2181 3414 num
2225 3348 2477 3425 revera,
2522 3336 2602 3405 id

276 3464 454 3550 quod
491 3465 865 3532 Herodotus
908 3470 1157 3553 narrat,
1202 3465 1654 3532 Athenienses
1701 3469 1767 3531 et
1795 3461 2233 3553 Aegialenses
2275 3453 2594 3543 principio

274 3576 521 3646 fuerint
577 3575 866 3668 Pelasgi.
969 3578 1276 3644 Profecto
1338 3580 1512 3644 enim
1558 3577 1828 3646 difficile
1869 3576 2215 3644 intellectu
2259 3574 2397 3656 est,
2464 3582 2596 3652 quo

277 3690 670 3764 documento
728 3689 893 3756 illud
959 3690 1290 3758 Herodoto
1351 3693 1573 3779 possit
1615 3691 1963 3781 probatum
2007 3688 2240 3755 fuisse.
2325 3683 2488 3750 Nam
2535 3680 2599 3745 si

275 3824 407 3895 qua
449 3808 715 3871 vetusta
756 3804 978 3872 fabula
1019 3805 1336 3873 Herodoti
1388 3807 1522 3872 ista
1566 3808 1921 3873 auctoritas
1968 3804 2129 3870 nixa
2169 3801 2447 3884 fuisset,
2490 3787 2606 3860 faa-²

273 3920 556 4004 bulosae
612 3918 813 4003 hujus
871 3922 1148 4013 originis
1218 3922 1537 4013 vestigia,
1612 3922 1788 3987 sicut
1826 3922 1900 3987 in
1948 3919 2191 3986 ceteris
2236 3915 2319 3982 ab
2365 3907 2600 3980 eodem

276 4033 362 4126 de
403 4033 905 4132 Atheniensium
946 4034 1319 4103 nominibus
1362 4033 1644 4124 proditis
1663 4036 1740 4125 ¹),
1804 4035 1876 4102 in
1926 4051 2006 4102 ea
2052 4049 2311 4121 quoque
2352 4044 2600 4096 neces-

461 4273 516 4354 ¹)
561 4275 670 4343 cf.
717 4273 901 4344 vm.
947 4268 1053 4396 μ.
1098 4299 1190 4324 —-
