2944 4754
1154 284 1272 305 ....
1363 203 1625 317 27¹...-

222 450 347 534 δὲ,
395 444 565 531 ξων,
599 447 732 535 μὴ
770 450 1019 537 mm
1072 445 1149 514 ιν
1185 441 1694 529 mamm·
1734 439 1954 517 aum
2009 437 2135 529 τὴν
2169 442 2299 508 νῦν
2337 437 2568 506 καλω-

224 566 451 655 -μένην
473 564 761 654 Ἀχαιίην
775 612 798 647 ,
841 564 956 632 καὶ
998 560 1161 647 πρὶν
1201 555 1243 645 ἢ
1276 556 1547 624 Δανὰόν
1589 578 1665 621 τε
1704 554 1819 621 καὶ
1857 554 2139 625 Ξοῦθον
2195 554 2575 621 ἀπικέσθαι

247 684 316 760 ἐς
356 681 880 771 Πελοπόννησον
896 728 919 763 ,
981 681 1068 757 ὥς
1088 675 1400 764 ‘'13qu
1458 672 1724 758 λέγουσι
1767 717 1791 752 ,
1842 668 2195 736 ἐκαλέοντο
2234 665 2576 755 Πελασγοὶ

245 795 620 883 Αἰγιαλέες,
663 794 784 863 ἐπὶ
828 794 909 863 δὲ
934 792 1173 871 'Tomoe'
1192 793 1320 859 wo
1360 786 1644 861 Ξούθου
1662 783 1902 861 Ἴωνες.

423 965 606 1034 Haec
648 924 870 1035 tamen
912 984 1035 1054 pro
1080 961 1279 1054 plane
1324 956 1552 1051 probis
1600 961 1667 1024 et
1708 953 1972 1022 idoneis
2011 955 2410 1024 testimoniis
2454 952 2584 1024 ha·-

114 1088 129 1095 ‘
223 1078 389 1147 heri
441 1080 628 1147 nullo
675 1087 870 1169 pacto
902 1082 1208 1167 possunt.
1297 1077 1594 1163 Apparet
1618 1072 1790 1138 enim
1837 1089 1915 1135 ea
1943 1071 2290 1139 maximam
2330 1073 2587 1159 inpar-

250 1199 383 1260 tem
450 1194 637 1274 nullo
706 1195 830 1260 alio
876 1191 1300 1258 fundamento
1370 1207 1566 1275 quam
1611 1184 2084 1274 superstitione
2131 1184 2585 1277 mythologice

252 1310 395 1377 niti.
483 1310 647 1376 Nam
696 1309 932 1376 Graeci
975 1307 1229 1397 pridem
1274 1306 1781 1389 consueverant,
1824 1318 2017 1365 omne
2046 1317 2288 1366 nomen
2333 1294 2587 1390 gentile

255 1429 325 1491 et
391 1425 713 1491 nonnulla
776 1424 1032 1491 urbium
1074 1423 1550 1516 regionumque
1595 1415 1859 1482 nomina
1905 1433 1946 1480 a
1991 1419 2415 1505 patronorum
2459 1416 2590 1484 he-

236 1532 578 1627 ‘roumque
604 1536 1148 1605 convenientibus
1169 1532 1543 1602 nominibus
1567 1535 1889 1620 repetere,
1934 1549 2102 1617 quae
2124 1529 2259 1597 nisi
2291 1534 2433 1619 jam
2460 1551 2589 1599 ve-

260 1659 444 1720 tusta
473 1652 648 1721 fama
678 1658 868 1720 erant
891 1651 1152 1740 tradita,
1175 1648 1546 1737 posteriore
1577 1663 1836 1731 quoque
1867 1649 2181 1733 tempore,
2215 1664 2343 1732 quo
2367 1663 2590 1733 popu..

263 1767 446 1834 lares
465 1767 724 1835 fabulae
748 1771 1034 1836 rariores
1044 1770 1185 1853 j‘am
1202 1763 1673 1847 nascebantur,
1696 1756 1777 1824 ad
1795 1756 1978 1823 ἰΙῙιιιιι
1997 1756 2191 1825 finem
2208 1758 2401 1826 modo
2424 1759 2591 1853 fingi

271 1882 591 1953 solebant.
705 1882 1046 1969 Ejusmodi
1090 1877 1603 1949 innumerabiles
1647 1875 1960 1940 inventas
2006 1871 2277 1939 heroum
2321 1872 2585 1942 fabulas

264 2017 413 2064 cum
457 1998 636 2064 veris
681 2003 748 2064 et
791 2003 1057 2064 vetusta
1102 1998 1275 2063 fama
1304 1991 1596 2083 proditis
1617 1988 1858 2055 mixtas
1908 1990 1974 2052 et
2018 2004 2384 2077 connexas,
2427 1989 2586 2056 inde
2657 2077 2663 2084 ἡ

263 2112 344 2179 ab
389 2110 663 2178 Hesiodi
723 2117 941 2177 aetate
986 2116 1221 2198 poetae
1264 2111 1809 2202 genealogiarum
1875 2108 1942 2170 et
1985 2102 2328 2170 fabulosae
2374 2105 2594 2172 histo-

248 2216 410 2289 'riae
455 2226 819 2308 scriptores
864 2225 1036 2288 inte'r
1074 2234 1157 2288 se
1188 2227 1701 2311 composuerant
1747 2226 1811 2286 et
1834 2217 2274 2310 redegerant
2253 2239 2324 2285 m
2347 2224 2593 2288 certam

270 2331 661 2421 disciplinae
729 2332 1074 2420 cujusdam
1122 2335 1506 2420 mythicae
1534 2328 1842 2448 formam,
1920 2352 2046 2419 qua
2093 2331 2405 2420 quidquid
2448 2340 2593 2403 tra-

269 2449 547 2517 debatur
595 2448 834 2516 exinde
858 2468 979 2538 pro
1002 2437 1185 2517 certa
1234 2450 1547 2519 historiae
1594 2433 1902 2518 'memoria
1949 2468 1987 2514 a
2016 2447 2354 2535 plerisque
2400 2448 2595 2517 habi-

266 2570 406 2633 tum
451 2569 578 2633 est.
671 2566 807 2645 Qua
855 2567 1163 2654 opinIone
1221 2567 1417 2633 etiam
1460 2566 1837 2634 Herodotus
1883 2567 2178 2651 tenetur,
2243 2564 2373 2629 etsi
2417 2581 2598 2629 non-

268 2697 638 2765 nunquam,
694 2697 873 2767 ‚vere
931 2678 1309 2746 historicam
1355 2682 1727 2747 memoriam
1774 2675 1883 2742 vel
1929 2697 2119 2742 suum
2164 2677 2376 2763 ipsius
2420 2679 2599 2746 libe-

265 2809 413 2857 rum
446 2787 764 2876 judicium
788 2797 1093 2882 secutus,
1125 2794 1305 2861 illam
1334 2795 1681 2887 negligere
1726 2793 1943 2859 audet.
2032 2794 2131 2862 De
2174 2802 2406 2862 nostro
2431 2809 2591 2861 vero

264 2907 419 2974 loco
468 2914 763 2995 apertum
811 2914 955 2996 est,
999 2909 1425 2998 Herodotum,
1468 2911 1960 2998 quo‘d·nomina
2006 2911 2512 2998 Cecropidarum
2556 2932 2599 2980 ι

273 3022 610 3111 Cecrope,
655 2998 1157 3091 Atheniensium
1216 3025 1298 3091 ah
1342 3025 1735 3116 Erechtheo,
1775 3027 2142 3093 Jonum‘ab
2185 3027 2357 3092 sone
2401 3046 2605 3114 repe-

272 3142 486 3226 teret,
552 3138 1001 3204 tantummodo
1048 3137 1413 3204 fabularum
1454 3141 1818 3207 Atticarum
1864 3142 2353 3228 conscriptores
2398 3159 2603 3208 secu·-

277 3254 416 3316 tum
457 3271 654 3318 esse:
730 3272 770 3329 a
814 3254 1052 3339 quihus
1127 3274 1326 3341 quum
1414 3255 1773 3339 Cecropem
1837 3251 2284 3343 Erechtheus,
2347 3254 2605 3332 Erech-ff

285 3362 511 3428 theum
553 3368 684 3432 Jon
703 3371 921 3432 aetate
969 3375 1242 3436 secutus
1301 3387 1457 3435 esse
1517 3372 1899 3462 narraretur
1935 3368 2030 3464 J),
2078 3387 2157 3434 eo
2211 3355 2380 3455 ipso‘
2404 3391 2605 3458 prae-

288 3478 604 3562 scriptum
660 3481 783 3548 fnit
823 3467 1188 3570 Herodoto,
1248 3490 1339 3551 ‘ut
1403 3485 1633 3550 eodem
1698 3481 1812 3549 illo
1881 3482 2110 3549 ordine
2153 3486 2338 3574 paria
2381 3485 2607 3576 gentis

286 3593 551 3658 nomina
629 3614 704 3661 se
771 3593 1053 3686 inyicem
1123 3602 1477 3686 excepisse
1552 3597 1891 3665 scriberet.
1955 3589 1964 3600 ’
2007 3597 2232 3686 Neque
2300 3598 2434 3665 ulla
2480 3599 2608 3668 alia

283 3725 491 3773 causa
563 3725 791 3793 quam·
815 3709 1227 3801 indiligentia
1303 3712 1581 3798 quadam
1629 3714 1849 3779 omisit
1913 3711 2290 3779 Herodotum
2346 3713 2609 3782 Attico-

280 3842 426 3889 rum
472 3837 736 3910 quoque
780 3841 1054 3915 nomen,
1116 3825 1200 3893 ah
1244 3826 1513 3896 Atthide
1558 3815 2064 3918 Amphictyonis
2109 3845 2319 3895 uxore
2361 3847 2608 3920 accep-

286 4197 296 4207 ’
366 4197 376 4208 “
467 4233 529 4324 ¹)
576 4195 751 4301 efer.
799 4236 1089 4325 Apouod.
1134 4240 1249 4308 ιιι.
1297 4240 1401 4308 14-
1425 4260 1569 4331 sqq.
1613 4277 1699 4298 --
1743 4241 1974 4314 susan.
2023 4246 2100 4309 ιι.
2145 4245 2212 4308 o.
2256 4278 2342 4294 --
