2944 4754
1193 261 1284 301 ι--ῑ-
1369 241 1460 314 rt
1545 281 1637 304 --
2462 343 2467 348 ι

238 436 526 506 fuerit
574 437 653 518 1).
735 434 946 506 certe.
983 397 1157 506 enim
1198 437 1334 507 Ista
1362 393 1763 524 tempestate
1787 451 2059 504 sensus
2093 407 2581 532 κωνείῳ»

249 847 258 855 ,
426 780 483 859 ¹)
527 779 909 854 Evidentius
971 780 1164 846 etiam
1227 780 1669 848 documentum
1726 778 1917 862 hujus
1975 783 2072 846 rei
2112 782 2577 865 fabula-qute-

240 872 395 952 (μοι
439 890 482 936 a
526 869 844 934 Strabone
891 876 956 929 et
987 888 1026 929 a
1070 869 1405 932 Plutarcho
1453 877 1803 934 memorata
1846 872 2240 952 praeberet,
2304 872 2431 934 nisi
2493 869 2575 938 de

240 958 393 1040 ejus
412 957 537 1019 fide
557 964 734 1029 esset
756 953 947 1017 valde
968 955 1391 1032 dubitandum.
1426 957 1673 1018 Dicitur
1695 953 1858 1016 enirn
1876 955 2190 1040 Theseus,
2217 977 2403 1040 quum
2420 949 2576 1017 Mess

239 1044 531 1130 garidem
578 1063 720 1107 curn
764 1039 980 1105 Attico
1021 1059 1218 1125 regno
1265 1044 1725 1127 conjunxisset,
1770 1043 1832 1103 in
1895 1044 2135 1105 Isthmo
2165 1043 2573 1107 Corinthiam)

241 1136 600 1200 terminum
627 1133 947 1214 posuisse,
993 1130 1180 1211 cujus
1222 1132 1801 1212 occidentaliparti
1845 1129 2013 1198 haee
2055 1131 2295 1196 verbex
2380 1155 2393 1184 ³

246 1218 355 1296 Τά
407 1217 463 1282 δ’
471 1216 615 1281 ἐστὶ
656 1215 1218 1308 Πελοπόννησος,
1262 1215 1378 1284 οὐκ
1412 1215 1642 1281 Ἰωνία.
1746 1295 1751 1304 .
1786 1257 1795 1264 -

239 1307 532 1369 orientali
575 1309 767 1388 parti:
938 1314 941 1317 ’
1017 1301 1024 1310 ”
1485 1338 1488 1340 Δ
1548 1307 1557 1310 ’

246 1391 416 1457 Toto*
427 1389 578 1474 οὐχὶ
619 1390 1176 1482 Πελοπόννησος,
1225 1389 1364 1455 ἀλλ’
1406 1389 1634 1455 Ἰωνία.
1922 1420 1937 1436 ‚
1970 1409 1975 1416 '
2130 1406 2162 1426 ”
2422 1415 2429 1424 ·

235 1482 550 1561 'mseripta
607 1480 906 1564 ‘feruntur
979 1477 1237 1561 (Strabs
1300 1481 1417 1544 IX.
1478 1481 1545 1544 6.·
1589 1500 1653 1561 p.
1695 1478 1867 1568 3923
1940 1480 2112 1544 Plut.
2156 1496 2221 1545 v.
2265 1478 2468 1544 Thes.
2498 1499 2573 1548 »eo

243 1568 393 1651 25.)
504 1565 627 1645 Qui
675 1568 980 1630 terminus
1030 1557 1172 1629 cuin
1217 1566 1330 1628 his
1365 1569 1874 1650 inscriptionibus
1918 1569 1976 1630 si
2021 1586 2572 1658 revera-unquam

238 1655 533 1739 exstitit,
598 1663 777 1717 certe
823 1673 975 1733 non,
1051 1663 1122 1716 ut
1153 1651 1541 1716 Plutarchus
1585 1655 1829 1736 narrat,
1876 1651 2118 1716 Thesei
2161 1664 2397 1741 aetate,
2444 1651 2572 1718 'sed

236 1744 408 1805 intra
452 1749 743 1821 receptos
811 1740 873 1802 in
918 1740 1199 1803 Atticam
1246 1738 1676 1823 Aegialenses
1731 1751 1795 1804 et
1840 1741 2242 1824 Megaridem
2287 1762 2327 1805 a
2377 1742 2571 1806 Dori-

236 1830 367 1891 bus
409 1837 779 1909 occupatam
823 1828 1068 1907 positus
1115 1838 1237 1889 est.
1325 1829 1562 1909 Neque
1598 1831 1797 1910 enirn,
1845 1848 1966 1911 quo
1988 1838 2266 1910 tempore
2311 1832 2375 1890 in
2420 1831 2570 1909 ipsa

232 1916 676 1997 Peloponneso
729 1912 929 1978 Jenes
961 1914 1359 2000 habitarent,
1420 1914 1921 1995 Peloponnesus-
1964 1917 2395 1996 inscriptione-⁴
2422 1932 2570 1988 eum

230 2002 428 2076 Ionia
489 2010 849 2083 comparata
912 2011 1140 2083 essen,
1193 2022 1400 2083 neque
1447 2017 1593 2083 qno,
1620 2011 1899 2084 tempore
1944 2005 2234 2085 Megaris
2281 2002 2567 2076 Dorihns

232 2089 531 2170 subjecta
575 2097 796 2173 esset,
846 2092 1047 2151 omnis
1091 2090 1268 2172 regio
1335 2090 1413 2158 ab
1478 2088 1717 2151 Isthmo
1780 2087 2102 2152 Orientem
2146 2107 2383 2154 versus
2428 2089 2564 2162 sita.

233 2181 546 2257 potuisset
580 2174 789 2239 Ἰωνία
832 2174 978 2239 dici.
1095 2176 1178 2237 Et
1227 2194 1450 2259 quum,
1492 2186 1622 2238 tam
1667 2179 1920 2258 antiquo
1964 2180 2338 2257 praesertim
2387 2175 2563 2238 tem-2

240 2281 422 2345 pore,
466 2282 586 2345 quo
628 2263 849 2325 literae
867 2271 894 2348 ,‘
932 2249 1246 2346 siquidem
1308 2265 1555 2323 omnino
1633 2270 1761 2324 tum
1808 2261 2084 2325 Graecis
2128 2272 2314 2324 notae
2361 2272 2562 2347 erant,

249 2350 567 2412 rarissime
642 2358 820 2412 certe
886 2353 952 2412 in
1029 2368 1210 2411 usum
1276 2352 1600 2432 venirent,
1651 2350 1961 2431 eJusmodi
2010 2350 2313 2413 terminus
2362 2350 2566 2412 literis

245 2437 582 2518 inscriptus
628 2439 796 2499 nulla
839 2440 1113 2520 ratione,
1160 2436 1284 2498 nisi
1328 2437 1617 2498 sollemni
1660 2437 2060 2508 finitimarum
2113 2436 2355 2497 urbium
2404 2453 2566 2517 pac-

242 2523 457 2608 tione,
521 2533 741 2604 posset
786 2526 1161 2586 constitutus
1205 2541 1393 2605 esse,
1440 2543 1562 2585 non
1595 2524 1729 2606 jam
1752 2564 1790 2607 ,ι
1817 2526 1875 2584 si
1922 2531 2053 2585 teta
2095 2522 2393 2585 memoria
2437 2541 2567 2604 ge-

240 2611 431 2673 nuina
477 2618 694 2694 esset,
752 2612 1038 2674 dubitare
1079 2629 1416 2692 possemus
1439 2608 1496 2696 ,‘
1534 2615 1686 2693 quin
1735 2619 2015 2690 tempore
2056 2610 2219 2671 inter
2263 2616 2565 2689 receptos

239 2692 667 2778 Aegialenses
736 2706 802 2759 et
864 2708 1109 2778 captam
1158 2717 1197 2759 a
1241 2699 1515 2760 Doribus
1564 2696 1954 2780 Megaridem
2001 2696 2333 2777 interjecto
2373 2693 2566 2759 Joni-

244 2801 389 2844 cum
457 2801 683 2845 nomen
740 2781 990 2847 Atticae
1063 2782 1344 2847 civitatis
1409 2786 1756 2867 legitimum
1818 2792 1884 2845 et
1957 2785 2262 2845 sollemne
2310 2781 2564 2845 fuisset.

244 2867 380 2931 Sed
426 2887 547 2931 eae
589 2872 1051 2955 inscriptiones,
1097 2871 1316 2952 quales
1363 2890 1402 2934 a
1443 2870 1753 2933 Strabone
1805 2879 1870 2931 et
1913 2869 2250 2930 Plutarcho
2282 2871 2564 2930 recitan-

243 2965 364 3039 tur,
411 2957 698 3038 quoniam
724 2957 985 3020 trimetri
1027 2957 1256 3038 tragici
1300 2966 1469 3043 sunt,
1516 2977 1635 3018 non
1682 2955 1764 3020 ad
1799 2958 2062 3017 verbum
2109 2964 2285 3017 certe
2329 2955 2563 3037 genui-

163 3116 172 3131 ,
243 3061 364 3104 nae
412 3061 562 3105 esse
608 3053 927 3124 apparent.
1036 3043 1297 3106 Possint
1352 3044 1547 3126 igitur
1612 3045 1757 3105 illae
1812 3043 1893 3105 ab
1939 3061 2016 3103 eo
2061 3041 2307 3123 tragico
2349 3050 2562 3126 poeta,

243 3145 285 3188 a
349 3149 470 3211 quo
547 3127 950 3192 Plutarchum
1016 3148 1134 3192 eas
1199 3135 1517 3192 sumsisse
1561 3131 1927 3193 verisimile.
1972 3136 2113 3214 cst,
2157 3137 2395 3192 temere
2440 3129 2562 3192 flc-
2664 3162 2670 3167 ·

246 3224 352 3276 tae
400 3214 625 3278 videri.
735 3215 870 3279 Sed
931 3217 1048 3279 vix
1107 3224 1326 3297 potest
1388 3219 1705 3300 perspici,
1776 3234 1900 3301 qua
1957 3219 2080 3278 alia
2121 3217 2395 3300 ratione,
2440 3217 2565 3277 nisi

242 3308 504 3363 vetusta
552 3302 826 3385 quadam
870 3306 1207 3384 memoria,
1254 3303 1566 3366 adductus
1627 3305 1733 3365 ille
1790 3303 2075 3396 tragicus
2141 3301 2415 3366 Atticam
2459 3302 2565 3364 in-

244 3389 426 3449 solito
470 3393 717 3451 nomine
757 3385 1003 3452 Ἰωνίαν
1046 3392 1414 3472 vocaverit,
1478 3389 1644 3473 quod
1690 3409 1899 3473 neque
1946 3393 2231 3473 tragicae
2275 3393 2564 3471 poeseos

244 3483 455 3536 aetate
498 3473 992 3539 Atheniensibus
1060 3485 1313 3560 gratum
1360 3478 1748 3539 usitatumve
1794 3478 2030 3563 fuisse,
2095 3496 2217 3540 nec
2260 3480 2322 3537 in
2373 3475 2563 3538 fabu-

241 3563 324 3623 lis
367 3558 599 3625 Atticis
643 3567 831 3626 nimis
874 3582 1074 3645 saepe
1118 3565 1376 3644 reperiri
1409 3563 1563 3645 jam·
1591 3580 1781 3646 supra
1827 3568 2043 3645 (capp.
2089 3564 2138 3627 1.
2185 3569 2250 3626 et
2292 3559 2410 3644 Π.)
2455 3562 2564 3622 vi·-

247 3648 473 3711 dimuS.
593 3650 727 3715 Ista
798 3670 955 3712 vero
1014 3659 1276 3713 vetusta
1336 3655 1679 3732 memoria,
1749 3654 2044 3734 quoniam
2089 3667 2169 3711 ea
2212 3668 2330 3711 non
2376 3645 2562 3710 modo

244 3753 389 3820 res,
457 3735 577 3798 sed
634 3740 776 3819 ipsa
831 3738 1033 3799 verba
1076 3738 1501 3819 inscriptionis
1549 3739 2030 3800 accuratissime
2074 3735 2318 3817 prodita
2361 3735 2563 3798 fuisse

243 3841 520 3884 necesse
567 3833 778 3909 esset,
823 3823 937 3886 vix
983 3825 1103 3887 alia
1134 3844 1321 3907 quam
1365 3825 1508 3905 ipsa
1563 3825 1669 3886 illa
1693 3824 1950 3906 antiqua
1992 3823 2314 3904 inscriptio
2358 3822 2562 3885 fuisse

240 3917 489 3989 posset.
577 3907 790 3987 Quare
817 3910 1146 3973 arbitretur
1178 3913 1448 3973 fortasse
1493 3910 1748 3994 aliquis,
1794 3912 1963 3972 illum
1997 3906 2343 3972 terminum-
2371 3926 2562 3992 quum
2648 3974 2655 3981 ,

243 4003 386 4075 post
450 4006 637 4078 capta
702 3997 977 4079 Megara
1044 4006 1319 4059 remotus
1366 4004 1544 4060 esset
1592 3993 1972 4081 (ἠφάνισαν
2013 3993 2136 4080 τὴν
2182 3993 2430 4081 στήλην
2471 4027 2563 4043 -·

245 4081 453 4148 Stmb.
486 4084 604 4145 IX.
648 4082 712 4148 ⁴7.
760 4104 822 4165 p.
870 4082 1076 4167 3930,
1124 4083 1290 4165 apud
1315 4083 1675 4147 Corinthios
1721 4093 1828 4146 aut
1851 4084 2278 4166 Megarenses
2323 4100 2562 4143 serva-

245 4177 394 4255 tum,
440 4179 663 4252 postea
707 4171 771 4233 in
813 4171 979 4232 iilius
1025 4174 1253 4261 tragici
1298 4180 1707 4249 conspectum
1759 4170 2020 4233 cecidis:
2043 4189 2102 4236 e.
2189 4166 2324 4231 Sed
2369 4167 2559 4248 hujus

242 4256 340 4318 rei·
383 4265 597 4322 tantae
641 4266 790 4322 sunt
835 4257 1242 4324 difficultates
1302 4267 1372 4322 ut
1417 4276 1540 4341 ego
1587 4276 1710 4323 nec
1753 4276 1893 4321 eam
1936 4261 2144 4340 ipsam
2188 4253 2561 4338 dijudicare,
