2944 4754
1291 267 1394 302 --.
1476 229 1567 317 n*
1656 267 1743 299 2-

287 461 319 520 ,“
378 453 454 514 ut
520 446 669 514 sine
745 461 997 511 summa
1044 440 1432 508 difficultate
1496 442 1567 507 et
1604 438 2007 526 reipublicae
2051 436 2544 525 perturbatione
2584 438 2701 505 vix

241 595 250 606 ι
381 565 666 649 possent
708 577 827 645 pro
875 558 1169 623 universi
1214 551 1441 642 populi
1485 551 1784 639 partibus
1830 552 2142 645 legitimis
2187 553 2432 622 valere.
2521 554 2700 635 Quae

378 671 823 762 perturbatio,
871 692 1069 758 quum
1101 671 1565 761 migrationum
1611 672 1827 733 aetate*
1868 666 2188 753 plurimae
2236 674 2548 736 externae
2591 671 2700 742 fa..

375 788 594 854 miliae
668 788 929 853 nobiles
1000 792 1193 872 atque
1269 782 1435 849 adeo
1483 781 1620 846 fere
1665 783 1929 871 integra
1970 781 2469 876 Aegialensium
2514 792 2698 856 natio

374 905 447 969 in
490 903 820 968 civitatem
864 902 1344 987 reciperentur,
1389 898 1461 961 in
1502 896 1894 961 immensum
1938 898 2133 963 etiam
2183 902 2375 965 aucta
2417 900 2699 981 videtur.

284 1001 291 1006 ’
379 1015 551 1095 Quin
623 1018 790 1082 haec
854 1016 1052 1104 istius
1099 1013 1430 1107 hominum
1475 1008 1708 1075 turbae
1748 1013 2037 1097 receptio
2077 1014 2219 1096 jam
2263 1013 2408 1079 sola
2455 1000 2733 1104 pei-‘²²'se2

374 1129 640 1196 videtur
681 1129 1036 1203 suffectura
1080 1128 1328 1214 fuisse,
1374 1129 1448 1190 nt
1476 1141 1652 1190 nova
1695 1128 1852 1210 post
1898 1142 2042 1190 eam
2064 1125 2347 1192 tribuum
2392 1127 2699 1219 descrip-

233 1330 239 1337 .
374 1223 509 1331 tio,
578 1244 1093 1331 qualemcunque
1156 1240 1241 1308 ad
1290 1238 1375 1308 id
1419 1239 1736 1328 temporis
1790 1240 2093 1308 valuisse
2152 1229 2500 1331 putamus,
2569 1221 2697 1311 ne-

378 1361 676 1427 cessaria
722 1358 934 1423 fieret.
1259 1351 1280 1370 '⁹
1313 1347 1328 1370 '

370 1535 380 1544 ,
499 1497 504 1500 ’
562 1472 792 1559 Itaque
839 1488 984 1536 non.
1009 1473 1193 1558 jam,
1257 1474 1343 1537 nt
1404 1489 1606 1557 supra
1663 1469 1883 1538 visum
1940 1472 2127 1556 erat,
2180 1486 2375 1540 omne
2432 1476 2709 1559 tempas.

375 1586 549 1650 inter
596 1587 1087 1671 synoecismum
1130 1585 1487 1652 Theseium
1531 1586 1601 1654 et
1645 1581 1968 1648 coloniam
2015 1580 2301 1648 Miletum
2351 1582 2696 1653 deductam

373 1702 829 1787 interjectum,
874 1698 1000 1765 sed
1037 1718 1203 1785 quae
1248 1699 1421 1764 inter
1465 1700 1774 1781 receptos
1820 1694 2015 1760 modo
2058 1695 2130 1760 in
2166 1695 2452 1763 Atticam
2483 1699 2696 1791 Aegi-

376 1813 643 1878 alenses
719 1814 1153 1900 conditasque
1226 1813 1524 1879 colonias
1572 1809 1904 1876 Asiaticas
1977 1809 2274 1877 interfuit
2320 1816 2530 1898 aetas,
2572 1832 2693 1900 pro

377 1947 457 1993 ea
521 1927 825 1994 habenda
899 1930 1194 2014 videtur,
1268 1928 1441 1993 intra
1489 1930 1678 2011 quus
1723 1925 1893 1992 fines
1938 1924 2195 1992 illarum
2239 1924 2521 1994 tribuum
2569 1925 2696 1993 de-

373 2046 649 2131 scriptio
696 2046 915 2129 possit
943 2029 1246 2109 instituta
1293 2060 1469 2109 esse.
1561 2041 1738 2120 Quae
1781 2042 2000 2137 opinio
2037 2045 2230 2110 etiam
2275 2064 2424 2111 cum
2467 2045 2693 2113 indole

371 2158 524 2239 ejus
567 2158 984 2241 tempestatis
1030 2157 1273 2243 optime
1303 2158 1632 2224 convenit.
1699 2152 1863 2223 Nam
1909 2155 2094 2247 haec,
2125 2166 2437 2247 quantum
2481 2182 2523 2227 a
2565 2181 2697 2229 no-

370 2270 478 2335 bis
523 2273 806 2359 perspici
843 2276 1108 2361 petest,
1156 2292 1233 2340 ea
1280 2275 1459 2338 certe
1486 2271 1649 2359 tint,
1690 2287 1862 2358 quae
1909 2290 2045 2340 non
2089 2276 2455 2361 requireret
2497 2278 2693 2345 modo

369 2388 462 2465 et·
487 2383 896 2457 desideraret
961 2407 1205 2457 novam
1269 2384 1496 2473 populi
1556 2386 2011 2477 partitionem3
2083 2390 2208 2457 sed
2256 2391 2451 2461 etiam
2490 2393 2695 2465 iusti-

369 2500 668 2593 ⁸tuendae
701 2505 863 2587 eius
904 2521 1032 2568 nec
1076 2501 1414 2569 voluntate
1446 2505 1703 2565 careret
1744 2502 2194 2592 nec-ingenio.
2278 2504 2488 2571 Aetas
2521 2507 2694 2577 enin

371 2612 488 2693 illa
529 2613 776 2681 Dorum
822 2615 1223 2699 aliarumque
1266 2613 1564 2704 gentium
1585 2613 2090 2704 migrationibus
2134 2617 2388 2705 inclyta
2450 2638 2687 2705 quem-

369 2724 730 2815 admodum
781 2730 854 2795 in
928 2730 1241 2795 universa
1309 2727 1706 2804 Graecorum
1782 2726 2069 2805 historia,
2134 2734 2685 2829 quasi-,terminus

369 2841 517 2924 fuit,
563 2861 602 2907 a
647 2862 775 2936 quo
805 2856 1036 2935 *norae
1082 2843 1424 2917 civitatum·
1460 2842 2072 2913 constituendarum
2123 2849 2418 2921 rationes
2463 2848 2688 2920 valere

367 2957 768 3047 inciperent,
823 2958 939 3049 ;ita
981 2955 1485 3049 Atheniensium
1530 2973 1791 3041 quoque
1850 2976 1962 3024 res
2019 2961 2091 3037 in
2164 2981 2485 3035 summum
2532 2961 2690 3037 disq·

369 3060 628 3135 crimen
708 3067 1065 3163 perductas
1139 3086 1417 3164 prorsus
1495 3072 1819 3137 convertit
1889 3075 1957 3141 et
2029 3073 2427 3149 immutavit.¹
2525 3075 2689 3142 Nam

369 3164 553 3249 ‘sicut
597 3183 977 3280 quingentis
1025 3185 1218 3275 annis
1263 3185 1520 3281 postea,
1567 3181 1834 3250 Solonis
1865 3193 2102 3276 aetate,
2144 3192 2505 3265 intestinae
2546 3194 2689 3257 rei-

370 3294 678 3382 publicae
722 3299 1095 3387 angustiae,
1140 3297 1482 3383 sexcentis
1529 3298 1722 3364 annis
1758 3308 2016 3391 postea,
2059 3303 2373 3373 Aristidis
2407 3310 2485 3372 et
2509 3304 2688 3371 The·-

249 3405 254 3410 ’
369 3410 695 3481 mistoclis
744 3418 989 3502 aetate,
1063 3417 1406 3483 externum
1450 3412 1815 3498 periculum
1860 3416 2056 3495 simul
2097 3420 2348 3504 patriae
2399 3441 2689 3499 amorem

369 3504 442 3592 et
483 3525 884 3613 reipublicae
928 3523 1426 3593 commutandae
1470 3523 1761 3595 studium
1814 3529 1890 3595 ,in
1930 3534 2171 3605 civium
2214 3534 2450 3609 animis
2498 3540 2689 3607 exeis

375 3639 472 3705 vit
518 3640 610 3706 ita
644 3642 786 3737 jam
831 3645 970 3711 tum
1016 3646 1083 3707 et
1123 3640 1486 3728 periculum
1515 3659 1570 3709 a
1590 3641 1877 3710 Doribus
1919 3646 2267 3719 imminens
2312 3656 2381 3717 et
2416 3652 2690 3720 intesti-

368 3771 501 3819 nae
562 3753 912 3844 angustiae
970 3754 1405 3841 miseriaeque
1452 3755 1612 3839 (has
1659 3757 1833 3821 enim
1876 3762 2012 3825 tum
2069 3762 2140 3826 in
2181 3762 2405 3828 Attica
2446 3764 2686 3851 fuisse,

281 3948 286 3951 v
367 3866 556 3951 ipsae
617 3864 939 3932 deductae
1009 3864 1309 3948 coloniae
1374 3873 1935 3955 commonstrant)
1980 3876 2336 3958 conjuncta
2378 3874 2689 3943 videntur

367 3980 619 4066 patriae
664 3979 927 4066 quidem
970 3978 1428 4049 defendendae
1475 3980 1779 4048 ardorem
1849 3986 2206 4076 incitasse,
2239 4037 2244 4043 .
2273 3990 2688 4079 ‘reipublicae

365 4112 536 4163 vero·
577 4095 941 4162 secundum
982 4099 1299 4199 rationem
1371 4094 1568 4169 modo
1608 4099 2139 4189 'constituendae
2213 4104 2503 4193 studium
2542 4107 2689 4192 pri-

366 4231 543 4278 mum
604 4213 795 4299 quasi
862 4215 1218 4283 creavisse.
1332 4209 1521 4289 Quod
1588 4215 1879 4285 studium
1950 4217 2065 4285 ubi
2131 4219 2486 4287 excitatum
2555 4223 2687 4308 est,
