2944 4754
253 637 262 648 =
392 605 678 689 possent
720 617 839 686 pro
888 599 1181 664 universi
1225 593 1454 682 populi
1497 592 1796 680 partibus
1842 593 2154 685 legitimis
2199 593 2444 663 valere.
2534 594 2722 675 Quae

263 3446 268 3450 ’
382 3451 708 3523 mistoclis
756 3459 1002 3541 aetate,
1078 3457 1419 3523 externum
1465 3451 1828 3538 periculum
1874 3455 2069 3521 simul
2111 3460 2362 3543 patriae
2412 3480 2697 3535 amorem

1301 307 1406 343 ·—-
1488 269 1579 357 u*
1666 307 1755 339 ··-=

299 502 331 562 ᾖ
390 494 466 555 ut
532 487 681 554 sine
757 502 1009 552 summa
1056 481 1444 549 difficultate
1508 482 1579 547 et
1616 477 2019 566 reipublicae
2062 476 2556 565 perturbatione
2600 479 2726 545 vix

392 709 835 802 perturbatio,
883 733 1081 799 quum
1114 712 1577 801 migrationum
1606 711 1837 773 *aetate
1880 706 2200 793 plurimae
2248 714 2560 777 externae
2606 711 2722 781 fass-

388 828 607 895 miliae
680 829 942 894 nobiles
1012 833 1206 913 atque
1281 822 1447 889 adeo
1495 822 1632 887 fere
1676 824 1941 911 integra
1982 821 2482 916 Aegialensium
2528 831 2719 895 natio

387 945 459 1009 in
504 944 832 1008 civitatem
876 943 1357 1028 reciperentur,
1401 938 1474 1001 in
1513 937 1907 1001 immensum
1950 939 2145 1004 etiam
2195 942 2388 1005 aucta
2431 941 2718 1020 videtur.

296 1042 304 1047 ’
392 1057 563 1136 Quin
635 1058 802 1123 haec
866 1057 1064 1122 istius
1111 1054 1443 1148 hominum
1487 1049 1720 1115 turbae
1760 1053 2050 1137 receptio
2089 1054 2231 1136 jam
2275 1053 2421 1119 sola
2468 1045 2753 1144 pei-‘'³'s‘es-

386 1170 649 1237 videtur
693 1170 1047 1244 suffectura
1092 1169 1341 1254 fuisse,
1386 1169 1460 1230 ut
1488 1183 1666 1230 nova
1707 1167 1865 1250 post
1910 1183 2055 1230 eam
2077 1165 2360 1232 tribuum
2405 1165 2717 1265 descrip-

246 1370 251 1378 ι
386 1262 521 1372 tio,
589 1286 1106 1371 qualemcunque
1168 1281 1253 1349 ad
1302 1278 1387 1358 111
1431 1280 1748 1368 temporis
1802 1279 2105 1348 valuisse
2165 1269 2513 1371 putamus,
2583 1302 2716 1350 ne-

391 1402 688 1467 cessaria
734 1399 946 1464 fieret.
1273 1393 1292 1410 “
1325 1389 1340 1410 '
1474 1401 1483 1408 “
1859 1475 1862 1477 ,

574 1513 805 1599 Itaque
851 1529 996 1596 non.
1021 1514 1206 1598 jam,
1277 1515 1355 1577 ut
1416 1529 1619 1596 supra
1676 1510 1895 1578 visum
1953 1512 2141 1596 erat„
2192 1526 2387 1580 omne
2444 1516 2725 1599 tempus,

388 1627 563 1691 inter
609 1628 1099 1711 synoecismum
1143 1624 1499 1692 Theseium
1545 1626 1613 1694 et
1658 1621 1983 1687 coloniam
2028 1619 2313 1687 Miletum
2363 1623 2712 1693 deductam

385 1742 841 1828 interjectum,
887 1739 1012 1806 sed
1050 1759 1215 1825 quae
1261 1740 1434 1804 inter
1478 1740 1787 1821 receptos
1833 1734 2027 1799 modo
2071 1736 2143 1800 in
2178 1734 2464 1803 Atticam
2496 1738 2712 1830 Aegi-

388 1853 656 1918 alenses
732 1854 1166 1941 conditasque
1237 1853 1536 1919 colonias
1585 1849 1917 1916 Asiaticas
1990 1849 2287 1917 interfuit
2333 1855 2543 1938 aetas,
2584 1872 2707 1940 pro

390 1988 469 2034 ea
534 1968 838 2035 habenda
911 1970 1207 2056 videtur,
1279 1968 1455 2033 intra
1501 1969 1691 2051 cujus
1720 1965 1906 2032 ‘fines
1950 1963 2208 2032 illarum
2251 1963 2534 2034 tribuum
2581 1964 2710 2032 de·-

386 2087 661 2171 scriptio
708 2086 928 2169 possit
957 2069 1258 2149 instituta
1305 2100 1482 2149 esse.
1573 2081 1751 2160 Quae
1794 2082 2012 2178 opinio
2050 2084 2240 2149 etiam
2289 2104 2436 2151 cum
2480 2086 2705 2152 indole

383 2200 537 2280 effus
579 2199 996 2281 tempestatis
1044 2198 1286 2284 optime
1316 2198 1645 2264 convenit.
1712 2192 1876 2263 Nam
1922 2195 2107 2287 haec,
2138 2205 2450 2287 quantum
2494 2221 2535 2267 a
2577 2221 2708 2268 no-

383 2310 490 2375 bis
535 2314 819 2400 perspici
855 2317 1121 2402 petest,
1170 2332 1247 2383 ea
1294 2315 1472 2379 certe
1498 2311 1662 2400 suit,
1703 2327 1874 2399 quae
1922 2331 2060 2381 non
2100 2316 2468 2402 requireret
2509 2318 2704 2385 modo

381 2429 474 2505 et·
502 2424 912 2498 desideraret
975 2446 1218 2497 novam
1282 2424 1510 2514 populi
1569 2427 2024 2517 partitionem5
2096 2429 2221 2496 sed
2269 2431 2464 2521 etiam
2500 2433 2706 2503 insti-

383 2541 681 2633 ¹tuendae
715 2546 876 2628 ‘ejus
918 2561 1045 2608 nec
1090 2541 1428 2609 voluntate
1460 2545 1716 2605 careret
1756 2542 2206 2632 necingenio.
2291 2543 2500 2611 Aetas
2534 2547 2704 2615 enin

384 2652 501 2734 illa
542 2653 790 2720 Dorum
835 2655 1235 2739 aliarumque
1279 2653 1577 2744 gentium
1598 2653 2102 2743 migrationibus
2147 2656 2401 2744 inclyta
2462 2677 2696 2744 quem-

381 2765 741 2847 admodum
797 2770 867 2835 in
941 2771 1254 2837 universa
1322 2767 1719 2837 Graecorum
1795 2766 2083 2843 historia,
2147 2773 2694 2856 quasi-,terminus

382 2882 530 2971 fuit,
576 2901 616 2948 a
660 2903 788 2976 quo
819 2896 1048 2976 ῃογειρ
1096 2883 1429 2957 civitatum
1475 2882 2085 2953 constituendarum
2137 2860 2431 2961 retienes
2476 2888 2697 2959 valere

381 2998 781 3085 inciperent,
837 2999 952 3089 ita
994 2995 1499 3089 Atheniensium
1544 3013 1804 3081 quoque
1863 3015 1975 3064 res
2032 3001 2127 3065 in,
2177 3019 2499 3079 summum
2544 3001 2698 3077 dis-r

382 3111 641 3205 crimen
721 3108 1078 3205 perductas
1151 3128 1431 3204 prorsus
1508 3111 1834 3179 convertit
1903 3114 1970 3180 et
2042 3113 2442 3188 immutavit·
2538 3114 2698 3181 Num

389 3224 567 3290 sicut
610 3223 991 3321 quingentis
1038 3224 1231 3317 annis
1274 3225 1533 3320 postea,
1580 3221 1849 3290 Solonis
1879 3231 2115 3315 aetate,
2158 3230 2519 3304 intestinae
2561 3233 2697 3301 rei-z·

383 3336 691 3435 publicae
734 3339 1108 3427 angustiae,
1153 3337 1496 3404 sexcentis
1542 3338 1736 3404 annis
1770 3348 2029 3430 postea,
2072 3341 2386 3411 Aristidis
2433 3349 2499 3411 et
2523 3343 2697 3411 The-

382 3544 455 3635 ⁴et
496 3566 897 3654 reipublicae
943 3564 1439 3634 commutandae
1484 3562 1774 3635 studium
1828 3569 1904 3635 in
1945 3572 2185 3643 civium
2226 3572 2464 3647 animis
2511 3575 2733 3647 exeis

380 3660 485 3745 'vit
531 3681 624 3746 ita
657 3683 799 3765 jam
844 3686 983 3751 tum
1028 3685 1095 3747 et
1136 3680 1499 3768 periculum
1528 3698 1584 3746 -a
1604 3680 1890 3751 Doribus
1932 3685 2281 3757 imminens
2326 3694 2397 3755 et
2429 3691 2699 3759 intesti-

382 3812 514 3860 nae
575 3770 926 3884 angustiae
983 3794 1418 3881 miseriaeque
1465 3794 1626 3878 (has
1672 3797 1843 3860 enim
1888 3800 2024 3864 tum
2082 3800 2153 3866 in
2195 3800 2419 3867 Attica
2461 3802 2696 3890 fuisse,

380 3907 569 3992 ipsae
633 3903 952 3972 deductae
1022 3905 1323 3988 coloniae
1388 3912 1948 3994 commonstrant)
1993 3914 2349 3997 conjuncta
2391 3914 2698 3982 videntur

379 4021 631 4107 patriae
677 4019 939 4107 quidem
984 4019 1441 4087 defendendae
1489 4020 1791 4088 ardorem
1862 4024 2219 4115 incitasse,
2252 4076 2257 4082 ,
2287 4029 2696 4118 reipublicae

378 4155 539 4204 vero
590 4135 955 4202 secundum
995 4138 1313 4235 rationem
1384 4134 1580 4209 modo
1622 4141 2152 4229 'constituendae
2227 4127 2517 4232 studium
2556 4145 2697 4231 pri-

380 4272 556 4320 mum
618 4252 809 4339 quasi
876 4253 1232 4321 creavisse.
1345 4249 1534 4330 Quod
1601 4255 1893 4325 studium
1964 4256 2078 4325 ubi
2144 4258 2500 4326 excitatum
2568 4262 2695 4347 est,
