2944 4754
1163 207 1645 340 ,ww-2

253 462 690 548 coloniasque
737 458 890 526 illas
936 454 1853 546 intercessisseinteuigant,
1903 473 2119 542 neque
2164 460 2385 528 tamen
2430 457 2579 540 ejus

255 578 753 666 discrepantiae
819 576 1034 661 ipsam
1101 585 1398 641 causam
1412 569 1899 676 perspiciant.
1961 570 2206 648 Quibus
2266 568 2580 642 satisfieri

253 698 545 788 poterit,
612 696 673 759 si
741 696 1120 760 universum
1183 691 1315 756 hoc
1362 672 1822 776 disquirimus.
1864 707 1992 774 qua
2036 688 2289 753 ratione
2332 685 2580 754 factum

256 818 384 902 sit,
444 818 517 880 ut
558 814 769 880 Joues
812 809 911 875 ini
954 808 1231 890 Asiatici
1271 806 1714 899 Aegialenses
1753 805 2014 892 potius,
2083 807 2274 887 quam
2316 802 2578 868 Atticos

256 933 474 1000 Iones
540 932 770 1014 patres
819 940 1004 991 suos
1071 922 1340 990 credere
1409 922 1748 1008 paullatim
1800 921 2309 988 assuescerent
2376 907 2582 982 Hanc

259 1044 437 1112 enim
500 1041 873 1127 opinionem
933 1042 1000 1108 et
1066 1042 1220 1103 ante
1263 1033 1667 1102 Herodotum
1731 1039 1802 1100 et
1844 1037 2000 1119 post
2045 1052 2193 1100 eum
2235 1032 2306 1095 in
2346 1007 2585 1097 Ioniae

259 1141 535 1221 urbibus
580 1152 914 1240 valuisse,
963 1171 1048 1218 ex
1091 1152 1239 1236 ipso
1286 1149 1619 1217 Herodoto
1667 1149 1944 1234 aliisque
1989 1146 2324 1212 historicis
2372 1166 2584 1233 appa-

257 1277 384 1360 ret,
428 1267 668 1355 quippe
710 1268 822 1356 qui
873 1285 972 1354 ea,
1015 1285 1187 1352 quae
1234 1264 1316 1330 de
1359 1265 1763 1331 coloniarum
1808 1263 2065 1351 origiue
2111 1260 2435 1348 prodant,
2494 1245 2583 1326 err

257 1368 597 1452 hominum
643 1399 948 1449 sermone
993 1378 1190 1449 haud¹
1216 1379 1414 1446 dubie
1454 1378 1727 1443 mutuati
1774 1376 1931 1443 sint.
2004 1375 2188 1442 Illius
2233 1376 2435 1465 igitur
2478 1376 2583 1439 rei·

258 1498 468 1588 prima
516 1515 719 1565 causa
764 1497 979 1577 facile,
1026 1503 1210 1586 puto,
1251 1498 1321 1561 in
1370 1493 1636 1562 diversa
1678 1490 2083 1556 coloniarum
2113 1494 2178 1555 et
2207 1471 2582 1558 Athenien-s·
2610 1480 2634 1516 ⁷

261 1619 435 1682 sium
494 1634 689 1698 quum
730 1600 1051 1677 universa
1096 1610 1504 1695 conditione,
1544 1612 1685 1674 tum
1728 1605 2077 1695 regionum·
2116 1602 2338 1671 indole
2381 1620 2583 1695 repe-3

259 1732 446 1796 ritur.
533 1728 696 1792 Nam
756 1726 1208 1795 Athenienses
1256 1719 1518 1812 quidem
1577 1720 2061 1807 potentissimis
2120 1717 2410 1803 undique
2453 1702 2583 1802 po?-

257 1846 438 1936 pulis
485 1844 865 1910 circumdati
912 1849 978 1909 et
1019 1844 1191 1907 iutra
1220 1839 1478 1906 Atticae
1522 1834 1691 1901 fines
1725 1834 2012 1919 coerciti,
2042 1849 2170 1918 nec
2192 1835 2353 1899 mari
2386 1830 2584 1917 quid·-

257 1951 458 2049 quam
511 1980 633 2047 per
687 1961 975 2045 quinque
1021 1971 1238 2044 usque
1280 1954 1510 2022 secula
1553 1951 1901 2036 valenteS,
1976 1948 2187 2013 coacti
2250 1950 2464 2033 erant,
2509 1950 2584 2018 ut

259 2095 427 2143 suae
474 2073 726 2161 patriae
769 2078 983 2140 terrae
1029 2065 1505 2159 quodammodo
1553 2063 1829 2151 addicti,
1875 2081 2023 2128 cum
2064 2061 2285 2130 multis
2332 2037 2581 2127 labori-L

261 2194 392 2260 bus
455 2194 525 2255 et
594 2189 933 2272 intestinis
1000 2185 1301 2257 cladibus
1371 2181 1829 2250 auctoritatem
1895 2178 2022 2243 sibi
2071 2181 2141 2242 et
2182 2145 2583 2262 opulentiam'

267 2285 580 2369 omnibus*
634 2290 887 2366 viribus
933 2308 1273 2396 pararent,
1331 2293 1433 2364 'ob
1479 2295 1547 2366 id
1591 2298 1809 2383 ipsum
1853 2309 2012 2357 vero
2060 2310 2137 2381 se
2181 2307 2327 2356 cum
2372 2288 2583 2374 patria

271 2410 408 2491 sua'
439 2406 1015 2509 conjunctissimos
1060 2425 1125 2486 et
1148 2419 1407 2484 Atticae
1449 2418 1665 2479 terrae
1711 2415 2040 2493 tamquam
2087 2408 2388 2471 alumnos
2420 2382 2585 2473 sen-i

263 2539 392 2604 tire
445 2540 778 2625 nunquam
803 2560 808 2564 ·
834 2522 1192 2603 desierunt.
1261 2521 1603 2597 'Coloniae
1638 2533 1882 2594 ‘autem
1925 2525 2265 2596 Asiatica-e
2301 2521 2585 2590 naturali

262 2658 397 2722 isto
463 2658 735 2723 unitatis
803 2652 992 2741 quasi
1066 2648 1495 2715 fundamento
1540 2640 1661 2709 ab
1678 2642 1874 2706 initio
1918 2643 2292 2715 caruerunt.
2383 2638 2583 2720 Quae,

264 2797 470 2866 quum
530 2791 744 2840 novae·
807 2770 1062 2857 patriae
1121 2771 1364 2833 natura
1433 2759 1848 2848 navigationi
1894 2754 2353 2843 maritimoque
2401 2768 2585 2816 como*

264 2894 506 2960 mercio
565 2888 917 2975 praecipue
964 2886 1151 2947 esset
1197 2853 1477 2965 idonea,
1553 2876 1815 2961 ipsique
1859 2870 2076 2935 coloni
2121 2865 2411 2932 finitimis
2457 2882 2586 2953 po-

259 3006 460 3095 pulis
515 3038 608 3054 -—
668 3001 898 3077 initio
933 2996 1182 3075 saltem
1216 3030 1301 3044 —
1365 2991 1581 3089 multo
1613 2988 1960 3055 videantur
2006 2983 2298 3085 potiores
2345 2979 2581 3064 fuisse,

266 3121 502 3187 virium
543 3135 808 3193 suarum
875 3111 1155 3178 coloniis
1200 3112 1271 3201 in
1317 3082 1548 3172 omnes
1594 3105 1909 3194 regiones
1954 3088 2259 3163 deductis
2320 3092 2391 3158 in
2436 3090 2582 3156 dies

268 3232 716 3322 augendarum
762 3229 1089 3295 liberrima
1136 3196 1521 3290 fruebantur
1552 3216 1869 3292 facultate
1889 3215 1972 3300 ¹),
2015 3210 2085 3277 id
2131 3207 2308 3297 quod
2336 3209 2589 3277 floren·-

261 3348 509 3414 tissimi
587 3364 665 3411 eo
708 3350 1047 3431 tempore·
1039 3328 1482 3405 coloniarum
1532 3332 1789 3423 ingenii
1824 3332 1903 3397 ·et
1952 3324 2297 3391 domestici
2340 3324 2587 3403 statuS,

267 3482 397 3549 quo
466 3464 812 3547 tantopere
874 3462 1012 3522 tum
1075 3450 1581 3518 Atheniensium
1646 3442 1983 3535 populum
1998 3436 2449 3525 superabant,
2527 3436 2594 3497 et

265 3593 475 3643 causa
517 3575 647 3640 fuit
686 3575 752 3637 et
790 3569 1088 3637 vicissim
1134 3584 1212 3641 eo
1255 3563 1643 3631 nitebatur.
1693 3559 1903 3637 Quare
1948 3546 2142 3624 facile
2175 3536 2590 3638 intelligitur,

264 3691 708 3758 Asiaticorum
770 3685 1011 3750 Jonum
1055 3679 1331 3765 animos
1391 3691 1455 3743 a
1480 3675 1835 3762 superatis
1854 3675 2201 3755 tantopere
2243 3665 2509 3754 vigore
2500 3664 2591 3738 et

266 3803 528 3872 cultura
572 3798 823 3890 ingenii
865 3792 1385 3860 Atheniensibus
1434 3813 1590 3859 esse
1637 3793 1980 3859 alienatos.
2075 3783 2299 3867 Neque
2342 3776 2412 3848 id
2457 3794 2585 3863 po·-b

263 3924 407 3988 test
482 3918 717 3982 mirum
760 3929 955 3998 esse,
1014 3911 1210 4007 quod=
1231 3911 1430 3981 iidem
1466 3909 1568 3976 illi
1610 3911 1809 3981 animi
1851 3908 2157 3987 videntur
2198 3907 2272 3973 in
2314 3899 2586 3989 alterius

405 4275 507 4361 ..1)
556 4273 661 4339 cf.
704 4244 1052 4340 Hermann.
1096 4244 1567 4339 Staatsalterth.
1616 4268 1658 4350 §
1702 4266 1807 4332 ⁴78.
1852 4228 1973 4313 --’
2068 4240 2077 4249 ’
