<?xml version="1.0" encoding="UTF-8"?>
<!DOCTYPE html PUBLIC "-//W3C//DTD XHTML 1.0 Transitional//EN"
    "http://www.w3.org/TR/xhtml1/DTD/xhtml1-transitional.dtd">
<html xmlns="http://www.w3.org/1999/xhtml" xml:lang="en" lang="en">
 <head>
  <title>
</title>
<meta http-equiv="Content-Type" content="text/html;charset=utf-8" />
  <meta name='ocr-system' content='tesseract 3.04.00' />
  <meta name='ocr-capabilities' content='ocr_page ocr_carea ocr_par ocr_line ocrx_word'/>
</head>
<body>
  <div class='ocr_page' id='page_1' title='image "./depriscarumquat00mlgoog_0027.png"; bbox 0 0 2944 4754; ppageno 0'>
   <div class='ocr_carea' id='block_1_1' title="bbox 1226 256 1677 329">
    <p class='ocr_par' dir='ltr' id='par_1_1' title="bbox 1226 256 1677 329">
     <span class='ocr_line' id='line_1_1' title="bbox 1226 256 1677 329; baseline 0.018 -8"><span class='ocrx_word' id='word_1_1' title='bbox 1226 288 1326 321; x_wconf 61' lang='lat' dir='ltr'><strong>‚a-</strong></span> <span class='ocrx_word' id='word_1_2' title='bbox 1418 256 1677 329; x_wconf 70' lang='lat'><strong>1⁵-</strong></span> 
     </span>
    </p>
   </div>
   <div class='ocr_carea' id='block_1_2' title="bbox 287 453 2620 545">
    <p class='ocr_par' dir='ltr' id='par_1_2' title="bbox 287 453 2620 545">
     <span class='ocr_line' id='line_1_2' title="bbox 287 453 2620 545; baseline 0.004 -24"><span class='ocrx_word' id='word_1_3' title='bbox 287 474 493 542; x_wconf 86' lang='lat' dir='ltr'><strong>quam</strong></span> <span class='ocrx_word' id='word_1_4' title='bbox 566 458 873 521; x_wconf 74' lang='lat' dir='ltr'><strong>auctores</strong></span> <span class='ocrx_word' id='word_1_5' title='bbox 939 458 1011 523; x_wconf 81' lang='lat' dir='ltr'><strong>et</strong></span> <span class='ocrx_word' id='word_1_6' title='bbox 1065 457 1332 544; x_wconf 81' lang='lat' dir='ltr'><strong>patroni</strong></span> <span class='ocrx_word' id='word_1_7' title='bbox 1380 453 1613 545; x_wconf 78' lang='lat' dir='ltr'><strong>populi</strong></span> <span class='ocrx_word' id='word_1_8' title='bbox 1663 455 1869 524; x_wconf 79' lang='lat' dir='ltr'><strong>Attici</strong></span> <span class='ocrx_word' id='word_1_9' title='bbox 1931 456 2250 527; x_wconf 80' lang='lat' dir='ltr'><strong>celebrari</strong></span> <span class='ocrx_word' id='word_1_10' title='bbox 2290 457 2620 530; x_wconf 79' lang='lat' dir='ltr'><strong>solebant.</strong></span> 
     </span>
    </p>
   </div>
   <div class='ocr_carea' id='block_1_3' title="bbox 172 568 2621 661">
    <p class='ocr_par' dir='ltr' id='par_1_3' title="bbox 172 568 2621 661">
     <span class='ocr_line' id='line_1_3' title="bbox 172 568 2621 661; baseline 0.002 -25"><span class='ocrx_word' id='word_1_11' title='bbox 172 658 177 661; x_wconf 17' lang='grc' dir='ltr'><strong>ι</strong></span> <span class='ocrx_word' id='word_1_12' title='bbox 284 568 514 656; x_wconf 87' lang='lat' dir='ltr'><strong>Neque</strong></span> <span class='ocrx_word' id='word_1_13' title='bbox 560 572 758 636; x_wconf 83' lang='lat' dir='ltr'><strong>etiam</strong></span> <span class='ocrx_word' id='word_1_14' title='bbox 804 569 953 653; x_wconf 85' lang='lat' dir='ltr'><strong>ipse</strong></span> <span class='ocrx_word' id='word_1_15' title='bbox 983 569 1285 638; x_wconf 76' lang='lat' dir='ltr'>Theseus</span> <span class='ocrx_word' id='word_1_16' title='bbox 1307 618 1328 660; x_wconf 83' lang='lat'>,</span> <span class='ocrx_word' id='word_1_17' title='bbox 1373 589 1415 637; x_wconf 82' lang='lat' dir='ltr'><strong>a</strong></span> <span class='ocrx_word' id='word_1_18' title='bbox 1460 588 1589 657; x_wconf 88' lang='lat' dir='ltr'><strong>quo</strong></span> <span class='ocrx_word' id='word_1_19' title='bbox 1630 572 2097 658; x_wconf 83' lang='lat' dir='ltr'><strong>rempublicam</strong></span> <span class='ocrx_word' id='word_1_20' title='bbox 2116 571 2621 642; x_wconf 80' lang='lat' dir='ltr'><strong>Atheniensium</strong></span> 
     </span>
    </p>
   </div>
   <div class='ocr_carea' id='block_1_4' title="bbox 272 687 2652 3170">
    <p class='ocr_par' dir='ltr' id='par_1_4' title="bbox 274 687 2652 2708">
     <span class='ocr_line' id='line_1_4' title="bbox 291 687 2620 776; baseline 0.002 -26"><span class='ocrx_word' id='word_1_21' title='bbox 291 704 616 776; x_wconf 76' lang='lat' dir='ltr'>legesque</span> <span class='ocrx_word' id='word_1_22' title='bbox 685 687 1022 772; x_wconf 79' lang='lat' dir='ltr'>principes</span> <span class='ocrx_word' id='word_1_23' title='bbox 1089 687 1431 754; x_wconf 84' lang='lat' dir='ltr'><strong>institutas</strong></span> <span class='ocrx_word' id='word_1_24' title='bbox 1480 704 1637 753; x_wconf 89' lang='lat' dir='ltr'><strong>esse</strong></span> <span class='ocrx_word' id='word_1_25' title='bbox 1708 687 1967 754; x_wconf 82' lang='lat' dir='ltr'><strong>fabulae</strong></span> <span class='ocrx_word' id='word_1_26' title='bbox 2011 687 2264 775; x_wconf 78' lang='lat' dir='ltr'><strong>ferunt,</strong></span> <span class='ocrx_word' id='word_1_27' title='bbox 2310 690 2437 754; x_wconf 85' lang='lat' dir='ltr'><strong>etsi</strong></span> <span class='ocrx_word' id='word_1_28' title='bbox 2479 706 2620 755; x_wconf 89' lang='lat' dir='ltr'><strong>non</strong></span> 
     </span>
     <span class='ocr_line' id='line_1_5' title="bbox 291 788 2618 886; baseline 0.001 -21"><span class='ocrx_word' id='word_1_29' title='bbox 291 798 504 865; x_wconf 84' lang='lat' dir='ltr'><strong>solius</strong></span> <span class='ocrx_word' id='word_1_30' title='bbox 551 797 812 867; x_wconf 74' lang='lat' dir='ltr'><strong>Atticae</strong></span> <span class='ocrx_word' id='word_1_31' title='bbox 857 788 985 866; x_wconf 80' lang='lat' dir='ltr'><strong>sed</strong></span> <span class='ocrx_word' id='word_1_32' title='bbox 1028 803 1224 868; x_wconf 85' lang='lat' dir='ltr'><strong>etiam</strong></span> <span class='ocrx_word' id='word_1_33' title='bbox 1266 801 1687 868; x_wconf 85' lang='lat' dir='ltr'><strong>finitimarum</strong></span> <span class='ocrx_word' id='word_1_34' title='bbox 1731 799 2137 886; x_wconf 85' lang='lat' dir='ltr'><strong>quarundam</strong></span> <span class='ocrx_word' id='word_1_35' title='bbox 2193 800 2451 868; x_wconf 87' lang='lat' dir='ltr'><strong>urbium</strong></span> <span class='ocrx_word' id='word_1_36' title='bbox 2494 802 2618 868; x_wconf 89' lang='lat' dir='ltr'><strong>he-</strong></span> 
     </span>
     <span class='ocr_line' id='line_1_6' title="bbox 285 915 2618 1006; baseline -0 -25"><span class='ocrx_word' id='word_1_37' title='bbox 285 933 406 981; x_wconf 77' lang='lat' dir='ltr'><strong>ros</strong></span> <span class='ocrx_word' id='word_1_38' title='bbox 433 915 583 1003; x_wconf 67' lang='lat' dir='ltr'><strong>fuit,</strong></span> <span class='ocrx_word' id='word_1_39' title='bbox 620 921 693 982; x_wconf 84' lang='lat' dir='ltr'><strong>ut</strong></span> <span class='ocrx_word' id='word_1_40' title='bbox 724 916 1065 984; x_wconf 83' lang='lat' dir='ltr'><strong>nonnullis</strong></span> <span class='ocrx_word' id='word_1_41' title='bbox 1102 917 1162 1001; x_wconf 80' lang='lat'><strong>1]</strong></span> <span class='ocrx_word' id='word_1_42' title='bbox 1192 915 1466 1002; x_wconf 71' lang='lat' dir='ltr'><strong>placuit,</strong></span> <span class='ocrx_word' id='word_1_43' title='bbox 1508 919 1838 1003; x_wconf 82' lang='lat' dir='ltr'><strong>tamquam</strong></span> <span class='ocrx_word' id='word_1_44' title='bbox 1860 921 2180 1002; x_wconf 87' lang='lat' dir='ltr'><strong>patronus</strong></span> <span class='ocrx_word' id='word_1_45' title='bbox 2225 917 2449 1006; x_wconf 75' lang='lat' dir='ltr'><strong>geniis</strong></span> <span class='ocrx_word' id='word_1_46' title='bbox 2490 915 2618 984; x_wconf 87' lang='lat' dir='ltr'><strong>Jo-</strong></span> 
     </span>
     <span class='ocr_line' id='line_1_7' title="bbox 289 1017 2615 1121; baseline -0.002 -22"><span class='ocrx_word' id='word_1_47' title='bbox 289 1033 481 1100; x_wconf 83' lang='lat' dir='ltr'><strong>nieae</strong></span> <span class='ocrx_word' id='word_1_48' title='bbox 524 1032 861 1121; x_wconf 87' lang='lat' dir='ltr'><strong>indigenis</strong></span> <span class='ocrx_word' id='word_1_49' title='bbox 903 1017 1404 1097; x_wconf 65' lang='lat' dir='ltr'><strong>illitheroibus</strong></span> <span class='ocrx_word' id='word_1_50' title='bbox 1450 1031 1932 1121; x_wconf 76' lang='lat' dir='ltr'><strong>comparandus</strong></span> <span class='ocrx_word' id='word_1_51' title='bbox 1979 1036 2121 1119; x_wconf 74' lang='lat' dir='ltr'><strong>est,</strong></span> <span class='ocrx_word' id='word_1_52' title='bbox 2184 1049 2331 1096; x_wconf 86' lang='lat' dir='ltr'><strong>eum</strong></span> <span class='ocrx_word' id='word_1_53' title='bbox 2375 1031 2615 1117; x_wconf 88' lang='lat' dir='ltr'><strong>quibus</strong></span> 
     </span>
     <span class='ocr_line' id='line_1_8' title="bbox 286 1143 2616 1245; baseline 0 -30"><span class='ocrx_word' id='word_1_54' title='bbox 286 1150 662 1215; x_wconf 75' lang='lat' dir='ltr'>arctissime</span> <span class='ocrx_word' id='word_1_55' title='bbox 709 1150 932 1235; x_wconf 82' lang='lat' dir='ltr'><strong>potius</strong></span> <span class='ocrx_word' id='word_1_56' title='bbox 978 1145 1266 1232; x_wconf 76' lang='lat' dir='ltr'><strong>antiquis</strong></span> <span class='ocrx_word' id='word_1_57' title='bbox 1342 1143 1587 1215; x_wconf 78' lang='lat' dir='ltr'><strong>fabulis</strong></span> <span class='ocrx_word' id='word_1_58' title='bbox 1634 1148 2080 1245; x_wconf 75' lang='lat' dir='ltr'><strong>conjungitur.</strong></span> <span class='ocrx_word' id='word_1_59' title='bbox 2197 1145 2372 1224; x_wconf 83' lang='lat' dir='ltr'><strong>Quae</strong></span> <span class='ocrx_word' id='word_1_60' title='bbox 2401 1165 2616 1237; x_wconf 73' lang='lat' dir='ltr'><strong>quum</strong></span> 
     </span>
     <span class='ocr_line' id='line_1_9' title="bbox 280 1236 2614 1351; baseline -0.001 -22"><span class='ocrx_word' id='word_1_61' title='bbox 280 1250 381 1329; x_wconf 66' lang='lat' dir='ltr'><strong>&#39;ita</strong></span> <span class='ocrx_word' id='word_1_62' title='bbox 425 1262 599 1350; x_wconf 86' lang='lat' dir='ltr'><strong>sint,</strong></span> <span class='ocrx_word' id='word_1_63' title='bbox 646 1280 724 1327; x_wconf 94' lang='lat' dir='ltr'><strong>eo</strong></span> <span class='ocrx_word' id='word_1_64' title='bbox 779 1236 1139 1327; x_wconf 81' lang='lat' dir='ltr'><strong>notabilius</strong></span> <span class='ocrx_word' id='word_1_65' title='bbox 1183 1257 1475 1349; x_wconf 81' lang='lat' dir='ltr'><strong>videtur,</strong></span> <span class='ocrx_word' id='word_1_66' title='bbox 1549 1258 1724 1348; x_wconf 91' lang='lat' dir='ltr'><strong>quod</strong></span> <span class='ocrx_word' id='word_1_67' title='bbox 1779 1279 1979 1325; x_wconf 89' lang='lat' dir='ltr'><strong>unum</strong></span> <span class='ocrx_word' id='word_1_68' title='bbox 2023 1250 2188 1323; x_wconf 84' lang='lat' dir='ltr'><strong>illud</strong></span> <span class='ocrx_word' id='word_1_69' title='bbox 2231 1262 2366 1324; x_wconf 80' lang='lat' dir='ltr'><strong>tam</strong></span> <span class='ocrx_word' id='word_1_70' title='bbox 2395 1248 2614 1351; x_wconf 80' lang='lat' dir='ltr'><strong>&#39;grave</strong></span> 
     </span>
     <span class='ocr_line' id='line_1_10' title="bbox 284 1360 2616 1466; baseline 0 -23"><span class='ocrx_word' id='word_1_71' title='bbox 284 1378 664 1443; x_wconf 79' lang='lat' dir='ltr'><strong>institutum</strong></span> <span class='ocrx_word' id='word_1_72' title='bbox 708 1382 988 1464; x_wconf 86' lang='lat' dir='ltr'><strong>quatuor</strong></span> <span class='ocrx_word' id='word_1_73' title='bbox 1029 1360 1455 1462; x_wconf 54' lang='lat' dir='ltr'><strong>&#39;pristinarum</strong></span> <span class='ocrx_word' id='word_1_74' title='bbox 1505 1376 1790 1442; x_wconf 78' lang='lat' dir='ltr'><strong>tribuum</strong></span> <span class='ocrx_word' id='word_1_75' title='bbox 1835 1378 1969 1441; x_wconf 82' lang='lat' dir='ltr'><strong>non</strong></span> <span class='ocrx_word' id='word_1_76' title='bbox 2017 1360 2492 1466; x_wconf 64' lang='lat' dir='ltr'><strong>‘ad&#39;indigenas</strong></span> <span class='ocrx_word' id='word_1_77' title='bbox 2522 1377 2616 1443; x_wconf 87' lang='lat' dir='ltr'><strong>il-</strong></span> 
     </span>
     <span class='ocr_line' id='line_1_11' title="bbox 282 1486 2611 1578; baseline -0 -21"><span class='ocrx_word' id='word_1_78' title='bbox 282 1491 390 1559; x_wconf 88' lang='lat' dir='ltr'><strong>los</strong></span> <span class='ocrx_word' id='word_1_79' title='bbox 437 1490 770 1578; x_wconf 76' lang='lat' dir='ltr'><strong>Geel-opes</strong></span> <span class='ocrx_word' id='word_1_80' title='bbox 839 1495 907 1557; x_wconf 88' lang='lat' dir='ltr'><strong>et</strong></span> <span class='ocrx_word' id='word_1_81' title='bbox 948 1490 1357 1557; x_wconf 74' lang='lat' dir='ltr'><strong>Erechtheus</strong></span> <span class='ocrx_word' id='word_1_82' title='bbox 1424 1490 1552 1557; x_wconf 87' lang='lat' dir='ltr'><strong>sed</strong></span> <span class='ocrx_word' id='word_1_83' title='bbox 1616 1491 1901 1555; x_wconf 85' lang='lat' dir='ltr'><strong>omnium</strong></span> <span class='ocrx_word' id='word_1_84' title='bbox 1948 1486 2287 1573; x_wconf 77' lang='lat' dir='ltr'><strong>consensu</strong></span> <span class='ocrx_word' id='word_1_85' title='bbox 2332 1489 2415 1556; x_wconf 84' lang='lat' dir='ltr'><strong>ad</strong></span> <span class='ocrx_word' id='word_1_86' title='bbox 2463 1509 2611 1556; x_wconf 89' lang='lat' dir='ltr'><strong>eum</strong></span> 
     </span>
     <span class='ocr_line' id='line_1_12' title="bbox 282 1604 2652 1699; baseline 0 -30"><span class='ocrx_word' id='word_1_87' title='bbox 282 1604 552 1671; x_wconf 89' lang='lat' dir='ltr'>heroem</span> <span class='ocrx_word' id='word_1_88' title='bbox 595 1624 794 1670; x_wconf 77' lang='lat' dir='ltr'><strong>revoc</strong></span> <span class='ocrx_word' id='word_1_89' title='bbox 798 1610 977 1690; x_wconf 61' lang='lat' dir='ltr'><strong>atus,</strong></span> <span class='ocrx_word' id='word_1_90' title='bbox 1026 1605 1166 1693; x_wconf 89' lang='lat' dir='ltr'><strong>qui</strong></span> <span class='ocrx_word' id='word_1_91' title='bbox 1229 1609 1454 1690; x_wconf 88' lang='lat' dir='ltr'><strong>aperte</strong></span> <span class='ocrx_word' id='word_1_92' title='bbox 1499 1605 1774 1673; x_wconf 82' lang='lat' dir='ltr'><strong>Jonicae</strong></span> <span class='ocrx_word' id='word_1_93' title='bbox 1837 1604 2064 1693; x_wconf 76' lang='lat' dir='ltr'><strong>gentis</strong></span> <span class='ocrx_word' id='word_1_94' title='bbox 2117 1608 2434 1688; x_wconf 80' lang='lat' dir='ltr'><strong>patronus</strong></span> <span class='ocrx_word' id='word_1_95' title='bbox 2481 1608 2612 1692; x_wconf 76' lang='lat' dir='ltr'><strong>est,</strong></span> <span class='ocrx_word' id='word_1_96' title='bbox 2589 1651 2652 1699; x_wconf 38' lang='grc' dir='ltr'><strong>,ι</strong></span> 
     </span>
     <span class='ocr_line' id='line_1_13' title="bbox 272 1692 2612 1820; baseline -0 -35.997"><span class='ocrx_word' id='word_1_97' title='bbox 272 1736 412 1820; x_wconf 26' lang='lat' dir='ltr'><strong>’nno</strong></span> <span class='ocrx_word' id='word_1_98' title='bbox 460 1721 649 1803; x_wconf 84' lang='lat' dir='ltr'><strong>cujus</strong></span> <span class='ocrx_word' id='word_1_99' title='bbox 692 1736 1020 1807; x_wconf 80' lang='lat' dir='ltr'><strong>persona,</strong></span> <span class='ocrx_word' id='word_1_100' title='bbox 1090 1719 1399 1802; x_wconf 84' lang='lat' dir='ltr'><strong>quoniam</strong></span> <span class='ocrx_word' id='word_1_101' title='bbox 1450 1717 1648 1793; x_wconf 81' lang='lat' dir='ltr'><strong>nobis</strong></span> <span class='ocrx_word' id='word_1_102' title='bbox 1705 1692 1966 1803; x_wconf 82' lang='lat' dir='ltr'><strong>quidem</strong></span> <span class='ocrx_word' id='word_1_103' title='bbox 2024 1714 2187 1782; x_wconf 90' lang='lat' dir='ltr'><strong>nihil</strong></span> <span class='ocrx_word' id='word_1_104' title='bbox 2233 1716 2409 1783; x_wconf 90' lang='lat' dir='ltr'><strong>aliud</strong></span> <span class='ocrx_word' id='word_1_105' title='bbox 2451 1735 2612 1784; x_wconf 83' lang='lat' dir='ltr'><strong>vera</strong></span> 
     </span>
     <span class='ocr_line' id='line_1_14' title="bbox 285 1826 2610 1919; baseline -0.002 -18"><span class='ocrx_word' id='word_1_106' title='bbox 285 1842 355 1902; x_wconf 91' lang='lat' dir='ltr'><strong>et</strong></span> <span class='ocrx_word' id='word_1_107' title='bbox 397 1841 662 1903; x_wconf 73' lang='lat' dir='ltr'><strong>vetusta</strong></span> <span class='ocrx_word' id='word_1_108' title='bbox 705 1832 876 1900; x_wconf 81' lang='lat' dir='ltr'><strong>fania</strong></span> <span class='ocrx_word' id='word_1_109' title='bbox 923 1831 1037 1898; x_wconf 90' lang='lat' dir='ltr'><strong>de</strong></span> <span class='ocrx_word' id='word_1_110' title='bbox 1052 1850 1128 1896; x_wconf 90' lang='lat' dir='ltr'><strong>ea</strong></span> <span class='ocrx_word' id='word_1_111' title='bbox 1159 1831 1491 1919; x_wconf 80' lang='lat' dir='ltr'><strong>proditum</strong></span> <span class='ocrx_word' id='word_1_112' title='bbox 1538 1835 1676 1917; x_wconf 82' lang='lat' dir='ltr'><strong>est,</strong></span> <span class='ocrx_word' id='word_1_113' title='bbox 1721 1826 2019 1895; x_wconf 86' lang='lat' dir='ltr'><strong>videatur</strong></span> <span class='ocrx_word' id='word_1_114' title='bbox 2062 1849 2276 1917; x_wconf 89' lang='lat' dir='ltr'><strong>paene</strong></span> <span class='ocrx_word' id='word_1_115' title='bbox 2322 1830 2405 1898; x_wconf 86' lang='lat' dir='ltr'><strong>ob</strong></span> <span class='ocrx_word' id='word_1_116' title='bbox 2452 1832 2610 1898; x_wconf 90' lang='lat' dir='ltr'><strong>nul-</strong></span> 
     </span>
     <span class='ocr_line' id='line_1_15' title="bbox 280 1940 2608 2039; baseline -0.003 -24"><span class='ocrx_word' id='word_1_117' title='bbox 280 1940 417 2015; x_wconf 79' lang='lat' dir='ltr'><strong>lam</strong></span> <span class='ocrx_word' id='word_1_118' title='bbox 463 1948 686 2015; x_wconf 85' lang='lat' dir='ltr'><strong>aliam</strong></span> <span class='ocrx_word' id='word_1_119' title='bbox 700 1948 970 2039; x_wconf 83' lang='lat' dir='ltr'><strong>causam</strong></span> <span class='ocrx_word' id='word_1_120' title='bbox 1014 1946 1161 2032; x_wconf 84' lang='lat' dir='ltr'><strong>ipsa</strong></span> <span class='ocrx_word' id='word_1_121' title='bbox 1203 1946 1363 2011; x_wconf 83' lang='lat' dir='ltr'><strong>fieta</strong></span> <span class='ocrx_word' id='word_1_122' title='bbox 1410 1950 1599 2034; x_wconf 73' lang='lat' dir='ltr'><strong>esse,</strong></span> <span class='ocrx_word' id='word_1_123' title='bbox 1651 1943 1788 2023; x_wconf 78' lang='lat' dir='ltr'><strong>nisi</strong></span> <span class='ocrx_word' id='word_1_124' title='bbox 1838 1948 1905 2008; x_wconf 87' lang='lat' dir='ltr'><strong>ut</strong></span> <span class='ocrx_word' id='word_1_125' title='bbox 1949 1944 2017 2008; x_wconf 89' lang='lat' dir='ltr'><strong>in</strong></span> <span class='ocrx_word' id='word_1_126' title='bbox 2060 1943 2177 2009; x_wconf 86' lang='lat' dir='ltr'><strong>illa</strong></span> <span class='ocrx_word' id='word_1_127' title='bbox 2225 1940 2306 2009; x_wconf 79' lang='lat' dir='ltr'><strong>&#39;de</strong></span> <span class='ocrx_word' id='word_1_128' title='bbox 2354 1946 2608 2037; x_wconf 80' lang='lat' dir='ltr'><strong>origine</strong></span> 
     </span>
     <span class='ocr_line' id='line_1_16' title="bbox 274 2042 2608 2161; baseline -0 -31"><span class='ocrx_word' id='word_1_129' title='bbox 274 2042 566 2137; x_wconf 36' lang='lat' dir='ltr'><strong>&#39;tribuum</strong></span> <span class='ocrx_word' id='word_1_130' title='bbox 638 2060 911 2161; x_wconf 74' lang='lat' dir='ltr'><strong>vulgata</strong></span> <span class='ocrx_word' id='word_1_131' title='bbox 974 2057 1215 2125; x_wconf 81' lang='lat' dir='ltr'><strong>fabula</strong></span> <span class='ocrx_word' id='word_1_132' title='bbox 1259 2060 1561 2125; x_wconf 88' lang='lat' dir='ltr'><strong>Jonicam</strong></span> <span class='ocrx_word' id='word_1_133' title='bbox 1627 2054 1896 2157; x_wconf 75' lang='lat' dir='ltr'><strong>gentoni</strong></span> <span class='ocrx_word' id='word_1_134' title='bbox 1959 2059 2382 2149; x_wconf 83' lang='lat' dir='ltr'><strong>significaret.</strong></span> <span class='ocrx_word' id='word_1_135' title='bbox 2470 2064 2608 2130; x_wconf 85' lang='lat' dir='ltr'><strong>Hac</strong></span> 
     </span>
     <span class='ocr_line' id='line_1_17' title="bbox 278 2156 2606 2269; baseline -0 -25"><span class='ocrx_word' id='word_1_136' title='bbox 278 2179 481 2269; x_wconf 83' lang='lat' dir='ltr'><strong>igitur</strong></span> <span class='ocrx_word' id='word_1_137' title='bbox 529 2181 737 2269; x_wconf 81' lang='lat' dir='ltr'>certe</span> <span class='ocrx_word' id='word_1_138' title='bbox 754 2177 826 2240; x_wconf 89' lang='lat' dir='ltr'><strong>in</strong></span> <span class='ocrx_word' id='word_1_139' title='bbox 874 2195 988 2257; x_wconf 81' lang='lat' dir='ltr'><strong>re,</strong></span> <span class='ocrx_word' id='word_1_140' title='bbox 1057 2177 1118 2240; x_wconf 87' lang='lat' dir='ltr'><strong>si</strong></span> <span class='ocrx_word' id='word_1_141' title='bbox 1165 2156 1437 2261; x_wconf 78' lang='lat' dir='ltr'><strong>alieubi,</strong></span> <span class='ocrx_word' id='word_1_142' title='bbox 1506 2173 1631 2239; x_wconf 85' lang='lat' dir='ltr'><strong>sub</strong></span> <span class='ocrx_word' id='word_1_143' title='bbox 1664 2168 1896 2241; x_wconf 74' lang='lat' dir='ltr'><strong>fabula</strong></span> <span class='ocrx_word' id='word_1_144' title='bbox 1940 2195 2166 2242; x_wconf 83' lang='lat' dir='ltr'><strong>verum</strong></span> <span class='ocrx_word' id='word_1_145' title='bbox 2210 2176 2455 2243; x_wconf 85' lang='lat' dir='ltr'><strong>factum</strong></span> <span class='ocrx_word' id='word_1_146' title='bbox 2499 2179 2606 2243; x_wconf 81' lang='lat' dir='ltr'><strong>vi-</strong></span> 
     </span>
     <span class='ocr_line' id='line_1_18' title="bbox 276 2272 2603 2380; baseline 0.001 -26.01"><span class='ocrx_word' id='word_1_147' title='bbox 276 2291 477 2355; x_wconf 88' lang='lat' dir='ltr'><strong>detur</strong></span> <span class='ocrx_word' id='word_1_148' title='bbox 522 2290 730 2363; x_wconf 81' lang='lat' dir='ltr'><strong>latere</strong></span> <span class='ocrx_word' id='word_1_149' title='bbox 779 2294 846 2353; x_wconf 86' lang='lat' dir='ltr'><strong>et</strong></span> <span class='ocrx_word' id='word_1_150' title='bbox 893 2307 930 2353; x_wconf 91' lang='lat' dir='ltr'>e</span> <span class='ocrx_word' id='word_1_151' title='bbox 978 2287 1287 2354; x_wconf 83' lang='lat' dir='ltr'><strong>sabulosa</strong></span> <span class='ocrx_word' id='word_1_152' title='bbox 1328 2286 1445 2351; x_wconf 85' lang='lat' dir='ltr'><strong>illa</strong></span> <span class='ocrx_word' id='word_1_153' title='bbox 1476 2288 1774 2353; x_wconf 82' lang='lat' dir='ltr'><strong>tribuum</strong></span> <span class='ocrx_word' id='word_1_154' title='bbox 1799 2288 1883 2352; x_wconf 80' lang='lat' dir='ltr'><strong>‘ab</strong></span> <span class='ocrx_word' id='word_1_155' title='bbox 1928 2289 2098 2355; x_wconf 88' lang='lat' dir='ltr'><strong>Jone</strong></span> <span class='ocrx_word' id='word_1_156' title='bbox 2131 2293 2407 2380; x_wconf 85' lang='lat' dir='ltr'><strong>ejusque</strong></span> <span class='ocrx_word' id='word_1_157' title='bbox 2453 2272 2603 2357; x_wconf 85' lang='lat' dir='ltr'><strong>filiis</strong></span> 
     </span>
     <span class='ocr_line' id='line_1_19' title="bbox 283 2377 2605 2498; baseline 0.002 -30"><span class='ocrx_word' id='word_1_158' title='bbox 283 2405 719 2497; x_wconf 83' lang='lat' dir='ltr'><strong>originatione</strong></span> <span class='ocrx_word' id='word_1_159' title='bbox 748 2401 1065 2492; x_wconf 83' lang='lat' dir='ltr'>colligere</span> <span class='ocrx_word' id='word_1_160' title='bbox 1097 2401 1288 2478; x_wconf 72' lang='lat' dir='ltr'><strong>lieet·</strong></span> <span class='ocrx_word' id='word_1_161' title='bbox 1294 2377 1748 2490; x_wconf 85' lang='lat' dir='ltr'><strong>originem</strong></span> <span class='ocrx_word' id='word_1_162' title='bbox 1791 2392 2125 2469; x_wconf 86' lang='lat' dir='ltr'><strong>illarum</strong></span> <span class='ocrx_word' id='word_1_163' title='bbox 2156 2425 2326 2474; x_wconf 82' lang='lat' dir='ltr'><strong>eum</strong></span> <span class='ocrx_word' id='word_1_164' title='bbox 2358 2413 2605 2498; x_wconf 83' lang='lat' dir='ltr'><strong>gente</strong></span> 
     </span>
     <span class='ocr_line' id='line_1_20' title="bbox 274 2514 2605 2640; baseline 0.002 -57.004"><span class='ocrx_word' id='word_1_165' title='bbox 274 2515 778 2622; x_wconf 85' lang='lat' dir='ltr'><strong>nomineque</strong></span> <span class='ocrx_word' id='word_1_166' title='bbox 835 2517 1142 2640; x_wconf 71' lang='grc' dir='ltr'><strong>Ιοιιιιιιι</strong></span> <span class='ocrx_word' id='word_1_167' title='bbox 1191 2514 1550 2614; x_wconf 86' lang='lat' dir='ltr'><strong>quodam</strong></span> <span class='ocrx_word' id='word_1_168' title='bbox 1594 2535 1813 2582; x_wconf 85' lang='lat' dir='ltr'><strong>nexu</strong></span> <span class='ocrx_word' id='word_1_169' title='bbox 1862 2538 2156 2590; x_wconf 78' lang='lat' dir='ltr'><strong>revera</strong></span> <span class='ocrx_word' id='word_1_170' title='bbox 2199 2522 2605 2640; x_wconf 84' lang='lat' dir='ltr'><strong>conjunc-</strong></span> 
     </span>
     <span class='ocr_line' id='line_1_21' title="bbox 278 2629 1327 2708; baseline 0.003 -11"><span class='ocrx_word' id='word_1_171' title='bbox 278 2636 441 2701; x_wconf 87' lang='lat' dir='ltr'><strong>tam</strong></span> <span class='ocrx_word' id='word_1_172' title='bbox 484 2633 522 2699; x_wconf 85' lang='lat' dir='ltr'><strong>f</strong></span> <span class='ocrx_word' id='word_1_173' title='bbox 532 2647 798 2704; x_wconf 85' lang='lat' dir='ltr'><strong>u1sse</strong></span> <span class='ocrx_word' id='word_1_174' title='bbox 848 2629 891 2660; x_wconf 84' lang='grc'><strong>’·</strong></span> <span class='ocrx_word' id='word_1_175' title='bbox 1118 2697 1129 2708; x_wconf 81' lang='grc'><strong>,</strong></span> <span class='ocrx_word' id='word_1_176' title='bbox 1320 2693 1327 2700; x_wconf 84' lang='grc'><strong>.</strong></span> 
     </span>
    </p>

    <p class='ocr_par' dir='ltr' id='par_1_5' title="bbox 272 2721 2602 3166">
     <span class='ocr_line' id='line_1_22' title="bbox 458 2721 2601 2842; baseline -0 -27"><span class='ocrx_word' id='word_1_177' title='bbox 458 2748 669 2830; x_wconf 84' lang='lat' dir='ltr'><strong>Quod</strong></span> <span class='ocrx_word' id='word_1_178' title='bbox 707 2769 834 2838; x_wconf 83' lang='lat' dir='ltr'><strong>qua</strong></span> <span class='ocrx_word' id='word_1_179' title='bbox 878 2743 1151 2818; x_wconf 80' lang='lat' dir='ltr'><strong>ratione</strong></span> <span class='ocrx_word' id='word_1_180' title='bbox 1181 2721 1634 2836; x_wconf 84' lang='lat' dir='ltr'><strong>accipiendum</strong></span> <span class='ocrx_word' id='word_1_181' title='bbox 1678 2746 1799 2833; x_wconf 82' lang='lat' dir='ltr'><strong>sit,</strong></span> <span class='ocrx_word' id='word_1_182' title='bbox 1844 2752 1917 2816; x_wconf 83' lang='lat' dir='ltr'><strong>ut</strong></span> <span class='ocrx_word' id='word_1_183' title='bbox 1961 2748 2401 2842; x_wconf 82' lang='lat' dir='ltr'><strong>intelligatur,</strong></span> <span class='ocrx_word' id='word_1_184' title='bbox 2445 2754 2601 2815; x_wconf 81' lang='lat' dir='ltr'><strong>ante</strong></span> 
     </span>
     <span class='ocr_line' id='line_1_23' title="bbox 277 2861 2602 2955; baseline -0.002 -24"><span class='ocrx_word' id='word_1_185' title='bbox 277 2865 494 2931; x_wconf 89' lang='lat' dir='ltr'><strong>omnia</strong></span> <span class='ocrx_word' id='word_1_186' title='bbox 524 2861 1036 2950; x_wconf 81' lang='lat' dir='ltr'><strong>disquirendum</strong></span> <span class='ocrx_word' id='word_1_187' title='bbox 1082 2871 1239 2955; x_wconf 89' lang='lat' dir='ltr'><strong>est</strong></span> <span class='ocrx_word' id='word_1_188' title='bbox 1292 2884 1482 2952; x_wconf 89' lang='lat' dir='ltr'><strong>quae</strong></span> <span class='ocrx_word' id='word_1_189' title='bbox 1520 2864 1719 2929; x_wconf 87' lang='lat' dir='ltr'><strong>fuerit</strong></span> <span class='ocrx_word' id='word_1_190' title='bbox 1760 2863 1942 2930; x_wconf 90' lang='lat' dir='ltr'><strong>illius</strong></span> <span class='ocrx_word' id='word_1_191' title='bbox 1987 2865 2268 2953; x_wconf 81' lang='lat' dir='ltr'><strong>nominis</strong></span> <span class='ocrx_word' id='word_1_192' title='bbox 2316 2867 2383 2932; x_wconf 83' lang='lat' dir='ltr'><strong>et</strong></span> <span class='ocrx_word' id='word_1_193' title='bbox 2425 2882 2602 2951; x_wconf 83' lang='lat' dir='ltr'><strong>gen-</strong></span> 
     </span>
     <span class='ocr_line' id='line_1_24' title="bbox 275 2967 2601 3114; baseline -0 -70"><span class='ocrx_word' id='word_1_194' title='bbox 275 2967 362 3076; x_wconf 70' lang='lat' dir='ltr'><strong>&#39;tis</strong></span> <span class='ocrx_word' id='word_1_195' title='bbox 407 2973 669 3068; x_wconf 83' lang='lat' dir='ltr'><strong>notio,</strong></span> <span class='ocrx_word' id='word_1_196' title='bbox 703 2973 1041 3114; x_wconf 79' lang='lat' dir='ltr'><strong>quaeque</strong></span> <span class='ocrx_word' id='word_1_197' title='bbox 1072 2999 1226 3096; x_wconf 76' lang='lat' dir='ltr'><strong>euin</strong></span> <span class='ocrx_word' id='word_1_198' title='bbox 1287 2978 1509 3054; x_wconf 84' lang='lat' dir='ltr'><strong>Attico</strong></span> <span class='ocrx_word' id='word_1_199' title='bbox 1580 2977 1828 3070; x_wconf 82' lang='lat' dir='ltr'><strong>populo</strong></span> <span class='ocrx_word' id='word_1_200' title='bbox 1870 2978 2220 3098; x_wconf 82' lang='lat' dir='ltr'><strong>Attieaque</strong></span> <span class='ocrx_word' id='word_1_201' title='bbox 2263 2967 2601 3068; x_wconf 78' lang='lat' dir='ltr'><strong>republica</strong></span> 
     </span>
     <span class='ocr_line' id='line_1_25' title="bbox 272 3068 722 3170; baseline 0.005 -10"><span class='ocrx_word' id='word_1_202' title='bbox 272 3068 722 3170; x_wconf 70' lang='lat' dir='ltr'><strong>necessitudo,</strong></span> 
     </span>
    </p>
   </div>
   <div class='ocr_carea' id='block_1_5' title="bbox 260 3285 927 3324">
    <p class='ocr_par' dir='ltr' id='par_1_6' title="bbox 260 3285 927 3324">
     <span class='ocr_line' id='line_1_26' title="bbox 260 3285 927 3324; baseline 0 1430"><span class='ocrx_word' id='word_1_203' title='bbox 260 3285 927 3324; x_wconf 95' lang='lat' dir='ltr'><strong> </strong></span> 
     </span>
    </p>
   </div>
   <div class='ocr_carea' id='block_1_6' title="bbox 275 3389 2598 3644">
    <p class='ocr_par' dir='ltr' id='par_1_7' title="bbox 275 3389 2598 3595">
     <span class='ocr_line' id='line_1_27' title="bbox 284 3389 2598 3526; baseline -0.002 -40"><span class='ocrx_word' id='word_1_204' title='bbox 284 3437 295 3448; x_wconf 85' lang='lat'><em>·</em></span> <span class='ocrx_word' id='word_1_205' title='bbox 453 3417 515 3504; x_wconf 85' lang='lat'><strong>¹)</strong></span> <span class='ocrx_word' id='word_1_206' title='bbox 560 3419 671 3485; x_wconf 76' lang='lat' dir='ltr'><strong>Jta</strong></span> <span class='ocrx_word' id='word_1_207' title='bbox 716 3418 836 3485; x_wconf 85' lang='lat' dir='ltr'><strong>od.</strong></span> <span class='ocrx_word' id='word_1_208' title='bbox 858 3389 1137 3486; x_wconf 62' lang='lat' dir='ltr'><strong>muner.</strong></span> <span class='ocrx_word' id='word_1_209' title='bbox 1178 3394 1404 3485; x_wconf 66' lang='lat' dir='ltr'><strong>Dorien-</strong></span> <span class='ocrx_word' id='word_1_210' title='bbox 1427 3423 1545 3484; x_wconf 82' lang='lat' dir='ltr'><strong>Bd.</strong></span> <span class='ocrx_word' id='word_1_211' title='bbox 1594 3422 1653 3486; x_wconf 90' lang='lat'><strong>1.</strong></span> <span class='ocrx_word' id='word_1_212' title='bbox 1700 3421 1773 3486; x_wconf 89' lang='lat' dir='ltr'><strong>S.</strong></span> <span class='ocrx_word' id='word_1_213' title='bbox 1792 3421 1926 3486; x_wconf 72' lang='lat'><strong>237</strong></span> <span class='ocrx_word' id='word_1_214' title='bbox 1954 3421 2148 3526; x_wconf 78' lang='lat' dir='ltr'><strong>flgde.</strong></span> <span class='ocrx_word' id='word_1_215' title='bbox 2179 3454 2265 3467; x_wconf 92' lang='lat'>—</span> <span class='ocrx_word' id='word_1_216' title='bbox 2294 3415 2598 3482; x_wconf 80' lang='lat' dir='ltr'><strong>Waehs-</strong></span> 
     </span>
     <span class='ocr_line' id='line_1_28' title="bbox 275 3502 2597 3644; baseline 0.002 -76"><span class='ocrx_word' id='word_1_217' title='bbox 275 3502 453 3568; x_wconf 69' lang='lat' dir='ltr'><strong>math</strong></span> <span class='ocrx_word' id='word_1_218' title='bbox 527 3505 753 3577; x_wconf 80' lang='lat' dir='ltr'><strong>hellen</strong></span> <span class='ocrx_word' id='word_1_219' title='bbox 798 3505 1246 3575; x_wconf 68' lang='lat' dir='ltr'><strong>Altorthskde.</strong></span> <span class='ocrx_word' id='word_1_220' title='bbox 1286 3510 1338 3575; x_wconf 83' lang='grc' dir='ltr'><strong>Ι.</strong></span> <span class='ocrx_word' id='word_1_221' title='bbox 1389 3510 1446 3576; x_wconf 86' lang='grc'><strong>1.</strong></span> <span class='ocrx_word' id='word_1_222' title='bbox 1493 3509 1566 3576; x_wconf 82' lang='lat' dir='ltr'><strong>S.</strong></span> <span class='ocrx_word' id='word_1_223' title='bbox 1607 3505 1746 3572; x_wconf 96' lang='grc'><strong>224</strong></span> <span class='ocrx_word' id='word_1_224' title='bbox 1794 3509 1991 3628; x_wconf 71' lang='lat' dir='ltr'><strong>flgde.</strong></span> <span class='ocrx_word' id='word_1_225' title='bbox 2055 3535 2143 3556; x_wconf 65' lang='lat'><strong>⁴-</strong></span> <span class='ocrx_word' id='word_1_226' title='bbox 2191 3507 2365 3644; x_wconf 69' lang='lat' dir='ltr'><strong>vid.</strong></span> <span class='ocrx_word' id='word_1_227' title='bbox 2432 3506 2597 3572; x_wconf 69' lang='lat' dir='ltr'><strong>infra</strong></span> 
     </span>
    </p>
   </div>
   <div class='ocr_carea' id='block_1_7' title="bbox 275 3611 2594 3898">
    <p class='ocr_par' dir='ltr' id='par_1_8' title="bbox 275 3611 2594 3898">
     <span class='ocr_line' id='line_1_29' title="bbox 275 3611 421 3680; baseline 0.032 -4"><span class='ocrx_word' id='word_1_228' title='bbox 275 3611 421 3680; x_wconf 52' lang='lat'><strong>6⁸1²·-</strong></span> 
     </span>
     <span class='ocr_line' id='line_1_30' title="bbox 278 3743 2594 3786; baseline -0.001 2"><span class='ocrx_word' id='word_1_229' title='bbox 278 3763 287 3772; x_wconf 46' lang='lat'>⁴</span> <span class='ocrx_word' id='word_1_230' title='bbox 2557 3743 2594 3786; x_wconf 70' lang='grc' dir='ltr'><strong>τι</strong></span> 
     </span>
     <span class='ocr_line' id='line_1_31' title="bbox 2491 3851 2586 3898; baseline 0 -10"><span class='ocrx_word' id='word_1_231' title='bbox 2491 3887 2518 3898; x_wconf 52' lang='grc' dir='ltr'><strong>μ</strong></span> <span class='ocrx_word' id='word_1_232' title='bbox 2575 3851 2586 3888; x_wconf 85' lang='lat' dir='ltr'><strong>l</strong></span> 
     </span>
    </p>
   </div>
  </div>
 </body>
</html>
